1793 3076
188 73 273 119 Hllllllrlll
285 80 372 121 PASTOR,
398 82 459 121 LIBER
472 84 483 122 I.
511 84 565 123 VISIO
579 85 606 124 III.
620 86 646 125 IV.
660 82 686 135 (Β)
766 83 805 126 437

122 187 183 239 (nlllll
204 194 222 231 ln
236 195 311 233 secunda
324 200 379 233 autem
392 195 456 235 visione
470 197 526 236 vidisti
540 209 577 236 eam
591 203 663 238 stantem
677 199 761 239 etlaeiem
777 199 802 237 lu·

70 257 129 287 venem
144 249 244 298 habentem,
264 256 280 289 et
297 247 374 289 hilarem¹
387 253 440 302 magis
460 265 509 303 param
523 258 572 301 ante,
591 260 608 293 et
625 267 687 306 corpus
702 261 719 294 ct
732 256 803 307 capillos

70 306 149 345 senioris.
175 307 195 344 ut
207 308 251 345 hanc
269 319 310 357 ergo
320 307 445 346 similitudinem
461 309 505 349 andi.
533 310 603 357 Quando
617 312 677 362 aliquis
696 313 755 351 senior
773 313 802 350 de-

69 369 128 418 sperat
144 365 165 403 de
184 376 203 402 se
220 369 292 413 propter
304 364 440 402 ,iniectionem
458 372 475 404 et
487 367 611 406 mendicitatem
625 380 682 415 suam,
696 369 738 407 nibil
756 369 802 408 aliud

69 424 149 468 expectat,
163 420 196 456 nisi
211 419 255 455 diem
269 420 379 456 novissimum
392 420 435 457 vitae
448 433 494 458 suae.
521 423 541 458 m
554 424 569 458 si
582 430 643 472 postea
652 425 707 461 subito
722 426 738 462 ei
751 427 800 463 vellu-

70 481 131 526 qnatur
145 474 252 520 haereditas,
272 480 289 512 ct
307 474 378 512 andlens
396 476 478 522 straverit,
497 482 514 514 et
531 478 605 527 gaudens
620 474 700 518 ellectus²
715 481 769 519 induit
782 492 802 519 se

69 532 195 577 tortitudinem,
212 537 229 568 ct
242 542 277 569 non
290 532 323 568 iam
337 531 405 578 iacens,
424 533 455 571 sed
469 537 515 571 stans
528 534 640 573 renovabatur
653 537 671 574 in
685 537 755 586 spiritu,
769 538 799 588 qui

68 590 101 626 tam
119 593 210 636 corruptus
224 594 261 625 erat
278 586 388 637 aptioribus
402 588 438 625 suis
453 588 585 627 deiecnonibus:
604 602 641 635 non
653 592 686 629 iarn
699 594 752 639 sedit,
770 594 801 632 sed

68 644 139 682 viriliter
153 643 192 694 agit.
219 643 247 682 Sic
261 648 277 681 et
290 655 319 682 vos
334 643 421 681 audientes
435 645 479 683 banc
492 644 579 690 visionem,
594 658 645 696 quaur
658 648 706 685 vobis
720 648 800 686 Dominus

68 701 152 738 revelavit.
180 700 263 745 Quoniam
276 701 356 737 misertus
371 706 397 738 cst
410 712 465 750 super
476 714 506 739 vos
519 701 600 741 Dominus
614 708 631 741 et
648 704 735 741 renovavit
752 705 800 752 spIri·

68 762 104 794 turn
123 762 140 793 et
157 757 237 805 deposuit
250 757 341 805 languores
359 762 434 793 vestros:
449 762 466 793 et
479 758 552 795 accessit
565 758 613 796 vobis
627 757 709 796 fortitudo
724 763 741 796 et
754 766 801 808 pute·

68 818 112 860 stas,
127 816 144 850 et
161 817 240 863 potentes
258 812 314 851 ellecti
328 812 369 851 estis
382 812 399 851 iu
412 811 451 854 lide.
479 813 500 851 Et
517 813 576 853 videns
589 814 670 853 Dominus
683 815 800 854 fortitudinem

68 876 140 909 vestram
153 871 220 920 gavisus
234 875 265 907 cst.
292 871 312 907 Et
325 875 418 920 propterea
431 871 517 909 nunciavit
534 871 582 909 vobis
601 871 682 910 lubricam
694 873 752 911 turris.
779 874 800 911 m

64 928 99 976 alia
113 926 181 977 quidem
195 926 286 975 nuntiabit,
301 927 316 964 si
330 938 350 964 eu
362 928 402 965 tons
417 928 522 976 praecordis
536 939 596 978 pacem
609 928 703 968 habueritis
713 929 731 967 in
744 929 798 968 vobis.

119 1025 190 1076 (aputu,
204 1029 261 1065 Tertia
275 1029 403 1065 autemvisione
413 1029 470 1066 vidIsti
479 1029 524 1066 illam
532 1030 615 1075 iuvenem,
629 1035 647 1067 et
659 1030 720 1068 bonam
730 1036 746 1068 et
758 1031 799 1069 lrila·

67 1095 108 1130 rom,
122 1080 159 1130 [ac]
174 1084 250 1132 spetiosa
264 1081 313 1131 [luit]
327 1084 380 1121 lacios
395 1095 430 1121 sna.
458 1084 505 1121 Sicut
515 1085 559 1121 enim
571 1081 603 1132 [sl]
618 1084 667 1122 alicui
676 1086 721 1123 tristi
734 1087 800 1123 venerit

69 1139 138 1178 nuntius
151 1138 213 1186 boiens,
228 1140 283 1177 statim
298 1139 403 1177 obliviscitur
416 1140 491 1189 priorem
506 1141 589 1179 tristitIam
605 1146 622 1178 ct
635 1141 677 1178 nibil
690 1142 736 1179 aliud
750 1153 799 1192 erpe-

67 1202 101 1234 etat
114 1197 147 1234 nisi
154 1197 232 1233 nuntium
246 1197 293 1245 quud
307 1197 373 1241 audivit,
388 1196 462 1234 etlortis
477 1196 550 1234 eflicitur
564 1197 585 1234 dc
599 1201 667 1235 caetero
677 1198 695 1235 in
705 1197 761 1244 bon03
775 1204 798 1235 ct·

67 1247 215 1290 eninrrenovatur¹
228 1252 298 1302 spiritus
311 1257 382 1302 propter
395 1252 474 1301 gaudium
488 1252 535 1302 qvaod
548 1253 624 1302 accepit:
638 1253 664 1290 sic
678 1258 694 1290 et
704 1265 734 1291 vos
748 1265 797 1291 reno·

65 1310 150 1348 nationem
165 1309 254 1358 accepistis
269 1309 338 1357 spiritus
352 1309 404 1347 vestri
417 1309 492 1347 videntes
501 1309 601 1346 baecbona.
627 1308 735 1358 lltquoniam
744 1321 797 1359 super

65 1377 152 1405 scamnum
166 1365 222 1404 vidisti
236 1364 280 1403 illam
294 1365 386 1410 sedentem,
401 1364 450 1403 lortis
459 1365 527 1415 positio,
541 1365 580 1415 quia
590 1369 669 1415 quattuor
682 1366 734 1403 babet
741 1366 795 1415 pedes

66 1417 154 1461 scarnnus²
172 1427 189 1460 et
204 1422 253 1459 fortis
272 1426 310 1459 stat.
337 1421 425 1469 Siquidem
446 1426 463 1459 et
482 1421 559 1459 seculum
579 1433 610 1470 per
628 1426 707 1470 quattuor
724 1423 795 1470 angulos

66 1479 169 1521 continetur.
196 1478 227 1525 Qui
246 1489 287 1528 ergo
306 1476 383 1528 perfecte
401 1478 524 1528 poenitentiam
543 1478 617 1528 egerint,
637 1477 763 1515 renovabuntur
781 1482 797 1514 et

65 1535 130 1572 lundati
144 1536 161 1570 in
174 1540 210 1571 toto
227 1536 279 1571 cordo
297 1546 329 1571 suo
344 1535 465 1582 poenitentiam
479 1539 534 1582 agent
562 1534 617 1571 Habes
635 1535 711 1583 perfecte
729 1546 796 1571 omnem

35 1590 37 1593 ’
65 1589 191 1629 revelationem.
219 1590 306 1639 Narnqnana
325 1589 356 1626 iam
376 1588 420 1626 aliud
437 1600 519 1639 quaeras3
537 1588 551 1625 si
565 1592 620 1626 anatem
635 1589 731 1638 rogaveris,
749 1600 795 1626 rove-

65 1646 128 1685 Iabitur
141 1645 176 1684 tibi¹

362 1755 408 1783 VISIO
424 1755 497 1788 Qualnvn.

116 1846 139 1894 (a)
148 1848 160 1884 I.
179 1848 231 1892 Visio,
246 1859 295 1895 apuam
309 1847 348 1892 vidi,
362 1848 428 1891 iratres,
444 1844 551 1893 [vesceret]
566 1847 650 1884 Postdies
662 1846 721 1894 viginti
732 1846 796 1894 prioris

65 1905 98 1943 diei
115 1914 169 1952 usque
187 1904 208 1941 ad
222 1902 339 1941 aclvenientenr
359 1902 404 1939 diem
417 1902 461 1939 ibam
474 1902 492 1938 in
510 1907 570 1950 agrum
583 1912 614 1950 per
633 1900 677 1937 viam
690 1900 795 1949 Campaniam.

65 1962 88 1999 ue
102 1965 155 1998 strata
168 1959 237 2009 publica
250 1963 290 1996 snm
303 1959 352 2008 quasi
366 1958 419 1996 stadia
433 1959 501 2003 decern3
518 1969 557 1995 raro
577 1962 632 1995 autern
646 1956 740 1994 anibulatur
757 1958 795 2006 ipse

64 2012 125 2054 locus.I
156 2017 206 2053 Solus
225 2021 280 2052 aretem
299 2015 385 2053 ambulans
400 2015 481 2064 rogabam
498 2014 594 2059 lionnnum,
611 2018 630 2052 ut
648 2013 760 2052 revelationes
779 2017 796 2051 et

65 2073 145 2119 visiones,
158 2066 208 2121 quas²
222 2070 263 2109 nribi
277 2070 352 2109 ostendit
364 2082 396 2120 per
409 2075 484 2108 sanctam
498 2069 587 2107 ecclesiam
595 2080 648 2115 suana,
662 2069 716 2107 Iortes
725 2070 794 2112 Iaceret,

65 2136 82 2168 ct
95 2129 170 2168 viderem
184 2127 305 2177 poeniteutiam
324 2138 411 2165 servorum
426 2127 465 2173 Dei,
484 2127 513 2175 qui
533 2125 693 2172 scandalizabantur,
707 2130 727 2162 ut
739 2125 795 2162 lauda-

65 2226 195 2234 ..ῥα-..ι-

97 2284 113 2325 li]
124 2285 194 2318 revelatis
207 2282 239 2313 liat
441 2283 454 2311 ct
465 2280 530 2321 paradeus
542 2280 600 2321 abactor
611 2279 659 2311 irvdnit
670 2287 684 2309 sc
696 2277 796 2318 fortitudinem

97 2330 126 2363 Vis.
136 2330 159 2362 III.
182 2327 197 2370 l)
213 2325 333 2359 Tribulationern
349 2323 420 2366 intelligit
440 2329 453 2357 ct
464 2335 493 2358 ocu
504 2325 533 2357 iuro
544 2324 594 2357 iorem
606 2324 632 2356 scd
645 2327 685 2356 stoan
697 2322 794 2355 rertocototnr

65 2376 92 2409 snb
104 2374 194 2409 Domitiano.
206 2372 253 2404 ticon.
440 2371 456 2402 iu
471 2372 532 2412 spirito:
547 2370 585 2413 pared
601 2370 631 2401 iarn
646 2371 728 2410 corruption
740 2370 771 2399 etot
786 2378 795 2399 c

97 2422 113 2464 2)
123 2420 233 2465 prodct'socbmc
244 2422 276 2450 cnut
287 2418 302 2449 in
311 2416 342 2449 liat.
439 2416 516 2458 prioribus
528 2416 559 2449 scir
571 2415 687 2456 defectionibus:
699 2415 713 2444 at
723 2423 753 2446 aron
764 2413 795 2444 inan

97 2467 114 2511 3)
126 2470 141 2501 in
154 2466 189 2499 cillo
204 2468 237 2497 caecet
253 2474 286 2497 cero
298 2463 330 2496 Ilat.
352 2462 379 2496 Est
393 2461 419 2496 illc
441 2462 651 2503 seditcedvitililcropcnc.

65 2514 101 2546 Viae
111 2512 167 2554 dppiae
174 2515 235 2549 tractus,
248 2509 273 2551 qui
282 2509 378 2550 Campaniam
384 2519 419 2551 per·
473 2507 508 2550 Cap⁴
520 2507 557 2540 XIII.
580 2506 596 2546 1)
607 2510 620 2538 ct
631 2509 707 2538 reuocetur
716 2505 754 2537 ernian
763 2503 794 2536 Pal,

66 2559 117 2591 cumit.
474 2553 490 2595 2]
503 2553 528 2586 Sic
539 2553 570 2585 Pal.
582 2552 657 2584 distinete.

97 2603 114 2644 4)
125 2602 160 2635 liare
171 2601 213 2640 Vnt,
230 2599 284 2632 deiude
300 2609 332 2631 curn
347 2609 362 2641 p.
373 2600 421 2631 illrum

66 2649 134 2691 Sequens
146 2645 219 2688 periodus
230 2645 316 2678 euurltaccc
327 2645 359 2677 sinc
367 2644 384 2676 Et
394 2654 420 2676 co·
443 2674 476 2704 ΜΩ
488 2670 519 2702 dm
531 2668 649 2709 vifimipmris
660 2667 690 2699 dm
716 2675 762 2708 mque
777 2667 796 2700 ad

66 2694 131 2737 pullum
441 2683 543 2751 internectens
554 2713 593 2746 diem
603 2712 643 2744 ibone
654 2712 671 2743 ic
682 2692 797 2756 cprrearcpmcio

98 2768 134 2811 Cap.
145 2767 176 2800 llll.
200 2763 214 2807 1)
226 2765 278 2797 illimis
290 2762 321 2795 Pal·
443 2771 523 2804 carrtpocc:
536 2761 553 2792 de
566 2762 613 2791 struto
623 2758 691 2800 publicet
708 2761 741 2793 scant
753 2757 797 2802 pareri

98 2814 114 2856 2)
125 2812 203 2847 lIalnerim
214 2811 267 2853 poetelio
281 2810 346 2851 effectam.
362 2808 378 2841 ln
391 2808 422 2841 Pal.
444 2808 493 2843 stadia
504 2808 556 2839 decena
567 2805 658 2838 liorocutem
670 2805 754 2839 onrbaclotcr
764 2806 795 2847 lpse

66 2859 104 2891 baec
114 2860 170 2892 habes:
182 2858 209 2890 rint
220 2857 233 2888 si
243 2857 297 2898 posteo
308 2855 356 2887 credito
369 2856 383 2887 ei
398 2865 422 2886 ac·
445 2856 485 2887 locres
497 2852 528 2884 Pal.

67 2905 143 2948 liverentur
155 2903 247 2938 immadidos:
260 2903 272 2933 et
285 2899 345 2933 otvdieua
358 2899 423 2933 statrecit
458 2931 460 2934 ,
476 2897 494 2941 2)
506 2905 542 2940 paroc
554 2894 585 2929 Pal.

474 2623 503 2657 Vis¹
515 2624 537 2657 IV.
561 2621 576 2664 1)
583 2623 624 2655 Victo
636 2631 679 2664 quom
689 2622 720 2654 cidi
731 2623 795 2662 scotres:
