1793 3076
132 79 209 119 leuaret
223 81 325 120 EPISTULA
337 83 363 120 dl]
377 82 482 122 ernustes.
499 81 556 122 XVIII.
570 82 610 121 Xlll.
624 81 658 122 XX.
732 78 768 122 137

34 192 111 245 gloriatio
125 204 190 242 eorum,
204 195 233 245 qui
247 195 326 234 dicuntur
339 194 446 245 prudentesl
471 194 515 233 Deus
529 194 574 234 onina
587 201 646 235 noster
659 196 707 237 Iesus
721 197 767 236 Clari·

35 256 71 289 stns
85 251 102 287 in
115 256 163 289 utero
178 258 254 302 gestatus
268 257 295 290 est
307 263 316 289 a
329 251 385 296 llaria,
402 250 447 288 iuxta
461 251 603 299 dispensationem
617 253 656 301 Dei,
670 266 690 292 en
703 255 768 294 semine

35 306 103 357 quidem
116 307 188 355 Doridis,
203 308 267 358 SpIritu
280 311 336 345 autem
350 312 420 353 sancto,
441 306 470 355 qui
483 311 533 344 natus
547 312 583 354 θεῖ,
602 314 619 346 et
628 308 722 360 baptizatus
737 316 768 358 est,

33 368 52 401 ut
65 362 145 413 passione
159 375 219 414 aquram
232 363 336 414 puriticaret.

36 475 120 526 quisitor?
147 474 178 514 Ubi
192 474 270 526 plantatio
285 486 353 521 eorum,
373 474 402 525 qm
415 474 494 513 dicuntur
511 474 639 526 intelligentes?
665 477 709 516 lleus
724 478 769 517 enim

34 537 93 569 noster
106 533 153 570 lesus
163 533 240 569 Christus
254 533 271 568 in
285 537 334 570 utero
348 536 423 579 gestatus
438 538 464 568 θεῖ
477 544 487 568 a
501 531 553 569 llaria
566 533 611 570 iuxta
625 534 769 582 ellspensationem

35 588 69 633 Dei,
85 588 180 626 exsemine
195 589 263 637 paridem
276 588 336 634 Dauid,
351 588 371 625 de
385 587 447 636 spiritu
460 592 516 625 autem
529 593 595 626 sanato.
623 588 655 635 Qui
674 595 724 629 natus
743 598 770 629 est

35 649 52 682 et
65 643 165 695 baptizatus,
177 649 197 683 ut
210 644 309 684 sufferendo
323 655 383 694 aquam
396 643 490 682 mundaret.

246 769 287 806 xlx,
316 770 358 806 Toto
371 770 453 816 opulento
467 769 554 806 cloaooea's.

85 859 106 895 Et
118 858 214 908 principem
227 859 277 897 liuius
291 859 350 897 numdi
362 858 410 896 latuit
421 858 482 896 Ilariae
496 859 583 908 virginitas
596 865 613 897 et
630 866 689 910 partus
708 862 768 912 ipsius,

36 914 114 952 similiter
127 918 202 952 etmors
215 915 292 961 Domini,
315 915 346 952 tria
359 914 440 963 mysteria
454 914 540 960 olamans,
560 926 603 963 carae
623 916 641 953 in
659 917 727 955 silentio
740 919 770 956 Ilei

36 975 102 1021 patrata
116 974 159 1008 sunt.
186 969 274 1016 Quomodo
287 970 338 1021 igitur
351 970 467 1008 marailestatus
481 974 507 1006 est
520 971 592 1008 seculis?
620 969 672 1009 Stella
690 972 706 1009 ln
721 974 769 1011 coelo

36 1027 92 1073 fulsit,
113 1027 205 1077 splendore
221 1039 325 1078 exsuperans
340 1039 398 1065 omnes
412 1027 477 1073 stellas,
498 1032 515 1063 et
528 1027 556 1065 lur
568 1028 612 1065 illius
626 1029 715 1067 ineffabilis
729 1036 769 1076 erat,

36 1088 53 1121 et
67 1088 154 1133 stuporem
170 1084 242 1121 incussit
260 1083 313 1134 ipsius
331 1084 402 1121 novitas.
430 1083 488 1120 Omma
508 1088 563 1120 autem
583 1084 648 1133 reliqua
662 1091 717 1132 astra,
736 1098 770 1125 uria

37 1151 74 1178 cum
87 1139 123 1178 sole
138 1145 155 1177 et
168 1141 212 1184 lerna,
227 1140 289 1178 chorus
303 1140 350 1179 luere
364 1139 431 1187 stellae,
448 1140 484 1190 ipsa
492 1150 532 1177 utero
541 1139 597 1178 lnnren
610 1152 659 1180 suum
668 1142 770 1182 extendebat

36 1208 88 1246 super
102 1196 162 1233 ornnIa.
190 1197 329 1246 coperimento
343 1202 387 1242 erat,
406 1197 451 1234 tande
464 1196 541 1246 prodiret
554 1197 620 1235 nouitas
632 1198 664 1236 illis
679 1199 769 1237 allssimilis

36 1253 91 1300 Quare
106 1253 161 1291 soluta
174 1258 201 1291 θεῖ
214 1253 268 1291 omnis
282 1254 345 1304 magia,
365 1257 382 1291 et
396 1264 445 1290 ornne
457 1253 543 1290 vinculum
556 1253 629 1290 malitiae
643 1259 669 1292 est
680 1254 770 1304 abolitum;

36 1310 132 1359 ignorantia
145 1310 231 1347 destructo
246 1315 280 1356 est,
297 1315 345 1347 vetus
359 1321 430 1359 regnum
443 1315 470 1347 est
482 1308 611 1356 labelactatuoa,
625 1310 659 1349 Deo
673 1311 770 1350 lrurnanitus

36 1367 148 1413 manifestato,
162 1366 180 1403 in
193 1367 283 1404 nouitatem
296 1366 338 1404 vitae
349 1371 432 1404 aeternae.
450 1365 517 1403 Initium
530 1377 571 1404 vero
585 1378 636 1415 nrrno
645 1367 709 1414 sumsit,
724 1369 770 1418 quod

37 1423 57 1460 ab
71 1422 119 1460 inille
134 1423 178 1473 apud
191 1423 243 1460 Deum
263 1427 340 1473 paratuum
357 1427 398 1460 erat.
424 1422 465 1460 Inde
483 1422 538 1459 omnia
555 1422 712 1470 commovebantur,
731 1425 770 1474 quia
810 1453 812 1455 »

37 1479 64 1517 ille
77 1480 138 1517 nrortls
152 1478 261 1517 abolitionem
274 1479 391 1520 meditabatut.

88 1596 147 1640 *utu
173 1603 194 1640 Et
206 1603 255 1640 latuit
266 1603 362 1653 prinoipem
375 1602 425 1640 huius
439 1600 498 1639 oriundi
506 1599 567 1639 llariae
580 1600 667 1652 virgInitas
681 1607 698 1641 et
711 1608 770 1655 partus

36 1660 97 1709 ipsius,
110 1659 188 1697 similiter
202 1664 219 1696 et
232 1659 277 1696 llors
291 1659 361 1696 IlomIni.
388 1659 427 1696 'Iria
440 1659 520 1707 mysteria
534 1657 618 1704 clamoris,
633 1671 676 1707 quae
690 1661 707 1698 in
720 1661 770 1699 silen-

37 1716 61 1753 tio
75 1715 105 1752 Dei
119 1720 185 1766 patrata
199 1720 243 1752 sunt.
270 1716 358 1761 Quomodo
373 1716 424 1764 igitur
437 1713 543 1751 uranilestata
562 1720 602 1751 sunt
618 1715 694 1753 seculisl
720 1716 771 1755 Stella

36 1773 54 1809 ln
68 1772 116 1810 coelo
130 1772 178 1809 iulsit
191 1783 243 1821 super
257 1782 315 1809 oriones
330 1771 392 1817 stellas,
407 1771 493 1809 etlumen
508 1771 544 1807 elus
554 1775 590 1808 erat
601 1771 692 1819 ineffabile,
707 1778 724 1811 et
736 1779 771 1812 stu·

38 1840 98 1877 ponem
112 1828 205 1865 incutiebat
218 1828 254 1865 eius
268 1828 339 1865 novitas.
361 1827 420 1865 bumba
433 1833 488 1864 autem
502 1827 567 1875 reliqua
581 1832 627 1864 astra
639 1839 673 1865 una
686 1840 723 1867 oum
733 1830 770 1868 sole

37 1889 54 1922 et
67 1883 106 1921 luna
120 1884 191 1921 chorum
205 1883 276 1933 agebant
289 1884 329 1920 Iauio
343 1882 409 1920 stellae:
427 1882 465 1932 ipsa
477 1885 532 1919 autern
548 1881 587 1919 luce
601 1884 692 1932 superabat
705 1897 765 1923 ornnes

39 1946 109 1989 eratque
127 1940 243 1989 perturbatio,
260 1940 306 1977 arride
319 1940 362 1977 lraec
376 1939 462 1977 dissimile
476 1939 541 1975 nouitas
557 1938 599 1987 Ipsis
612 1939 695 1987 prodiret.
722 1940 770 1979 Unde

38 1996 162 2035 dissolvebatur
184 1997 238 2034 omuIs
256 1996 310 2044 magia
329 2001 346 2034 et
364 2007 413 2034 unane
430 1994 515 2033 uinculum
531 1994 605 2033 malitiae
623 1997 694 2034 evannit.
721 1998 770 2048 Igno-

39 2053 93 2091 rantia
111 2052 197 2091 destructa
215 2057 250 2098 est,
270 2056 317 2090 uetus
331 2063 403 2101 regnum
417 2052 507 2097 abolitum,
526 2051 556 2088 ubi
569 2052 613 2090 Deus
632 2053 705 2092 Iuniano
722 2065 771 2093 more

37 2110 154 2148 manifestatus
173 2114 199 2147 est
216 2110 237 2147 ad
254 2109 344 2147 novitatem
356 2110 399 2147 vitae
412 2105 501 2146 aeternae.
527 2108 631 2158 Principium
649 2121 689 2148 vero
705 2112 771 2162 accepit
787 2140 789 2149 a

37 2168 133 2217 perlectum
146 2166 189 2204 illud
202 2172 219 2203 ct
232 2166 329 2204 absolutum
342 2166 372 2203 Ilei
388 2177 440 2214 opus:
453 2167 499 2203 urrde
511 2166 567 2203 omnia
581 2168 735 2214 commovebantur,
750 2181 770 2206 eo

39 2224 85 2273 quod
98 2223 209 2261 meditaretur
221 2224 281 2260 inortis
296 2222 410 2260 abolitionem.

267 2345 300 2382 XX.
327 2345 391 2384 Iteroru
402 2344 450 2382 cobis
464 2344 544 2382 northona.

90 2435 108 2473 Si
121 2446 148 2473 mc
163 2435 241 2486 dignatus
254 2434 307 2473 fauerit
319 2435 367 2473 lesus
381 2433 457 2472 Christus
472 2439 543 2484 propter
556 2433 651 2473 orationem
662 2438 740 2480 vestram,
754 2439 772 2472 et

38 2493 115 2531 voluntas
129 2492 161 2537 sit,
180 2493 197 2529 iu
214 2493 290 2530 secundo
304 2492 369 2538 libello,
389 2502 439 2540 quaem
453 2491 548 2540 scripturus
562 2502 600 2529 suni
613 2490 666 2537 uobis,
681 2489 770 2528 declarabo

38 2549 91 2597 vobis,
106 2560 155 2598 quam
167 2547 264 2598 inceperam
283 2545 403 2586 formationem
415 2548 433 2585 ln
447 2559 508 2586 notrum
522 2548 607 2586 hominem
616 2546 672 2585 lesum
681 2546 771 2593 Christum,

39 2619 70 2656 per
84 2606 135 2644 fidem
148 2606 164 2643 in
179 2617 217 2643 erim
232 2611 249 2643 et
262 2618 294 2656 per
311 2606 364 2656 ipsius
383 2604 499 2651 dilectionem,
517 2617 549 2655 per
565 2605 661 2654 passionem
678 2608 695 2641 et
713 2614 771 2642 resur·

92 2725 144 2769 *uu
172 2730 189 2769 Si
206 2742 234 2769 me
253 2729 349 2780 dignabitur
363 2731 410 2769 lesus
425 2730 501 2768 Christus
514 2741 545 2780 per
559 2730 651 2768 orationem
670 2735 743 2769 vestram
757 2737 774 2770 et

39 2787 116 2826 voluntas
128 2788 169 2825 eins·
180 2788 210 2835 sit,
228 2787 334 2825 insecundo
352 2787 409 2825 libello
428 2799 479 2836 quem
496 2786 543 2823 trabis
562 2787 658 2835 scripturus
672 2798 719 2834 sum,
738 2788 771 2826 lroc

40 2845 90 2882 etiam
104 2845 207 2894 praedicabo
221 2842 273 2887 robis,
288 2855 338 2892 quiam
353 2844 438 2893 coeperim
453 2842 597 2891 dispeusatIonem
611 2844 628 2880 in
642 2856 704 2882 novum
717 2845 771 2882 homi-

39 2913 78 2939 nem
91 2902 147 2939 Iesum
162 2901 253 2947 Christum,
267 2900 284 2937 in
299 2898 333 2937 lide
347 2900 389 2946 eius,
405 2906 422 2938 θῖ
435 2900 452 2937 in
466 2899 502 2937 eius
517 2899 593 2946 caritate,
607 2900 625 2938 in
638 2902 719 2950 passione
734 2901 770 2939 eius
