1793 3076
154 52 232 91 thhtrll
246 28 348 92 northolt
361 54 387 92 lh
401 53 525 94 dehonestes,
538 54 557 93 ll.
572 54 598 93 lll
611 52 638 91 lll.
653 53 672 92 V.
740 50 775 91 143

43 169 60 203 et
77 174 108 213 per
127 175 226 204 conservum
241 179 296 206 meum
311 167 397 206 Sotionem
411 167 510 215 diaconum,
530 179 563 216 quo
582 168 645 206 utinam
659 168 716 213 fruar,
736 166 776 215 qnia

43 219 121 312 spoditus
139 227 165 259 est
184 223 265 272 episcopo
286 228 305 260 nrt
317 223 417 272 benignitati
431 222 470 269 Dei,
489 228 506 260 et
522 224 629 273 presbyterio
647 229 666 262 nt
683 223 717 272 legi
737 222 775 261 lesa

43 275 111 313 Cnisti.
674 282 677 287 '

45 389 145 417 conservum
155 391 211 416 nereum
219 377 306 416 Sotionem
317 378 415 424 Diaconum,
429 389 449 415 en
463 389 497 427 qno
510 378 552 416 mihi
565 379 609 416 hene
623 380 649 425 sit,
664 381 704 428 qnia
717 380 775 419 ohcdit

43 435 128 484 Episcopo
142 440 161 473 ut
175 435 239 484 gratiae
252 435 281 472 llei
294 440 310 472 et
325 433 434 484 Pr’eshptcrio
448 440 528 483 tanquam
542 434 575 485 legi
589 435 627 472 Iesu
641 433 709 473 Christi.

183 559 211 599 ΙΙΙ,
238 560 327 597 Honorate
341 559 434 598 tranenttcaa
447 560 545 609 episcopam
557 564 637 598 oestrum.

95 648 129 687 Sed
143 655 160 688 et
172 661 202 687 vos
217 650 273 696 decet,
286 660 320 687 non
334 649 433 688 familiarius
446 649 471 687 uti
485 653 539 687 aetate
553 650 637 700 episcopi,
652 650 683 689 sed
697 656 777 701 respectu

43 706 129 755 potentiae
146 707 176 743 Dei
194 706 247 755 patris
265 718 331 743 omnem
348 706 431 755 impertiri
449 705 473 742 illi
494 708 615 753 reuerentiam,
635 707 776 755 quemadmodum

44 763 116 811 cognovi
130 767 198 800 sanctos
213 763 270 800 lacere
283 762 404 813 presbyteros,
423 761 452 810 qni
469 772 504 799 non
518 762 603 812 excipiunt
614 762 696 801 aduersus
709 764 776 814 conspi-

44 830 92 856 cnam
105 818 151 857 illins
166 819 280 857 oorrditionem
293 819 392 865 iuvenilem,
409 818 440 856 sed
453 823 473 856 ut
485 819 578 869 prudentes
596 820 613 857 in
627 820 661 858 lleo
676 821 692 859 ei
706 821 776 866 cedunt3

43 876 187 924 transeuntem,
206 876 236 914 sed
251 876 296 926 patri
309 876 348 915 lesu
362 875 434 921 Christi,
452 875 527 914 onrninnr
541 876 629 927 episcopo.
657 876 676 915 ln
693 877 776 916 honorem

43 934 95 983 igitur
108 933 160 980 illins,
175 933 204 983 qui
217 944 256 970 eum
269 933 327 980 voluit,
341 944 373 971 nos
388 933 438 970 dccet
452 932 522 970 ohedir’e
535 934 571 971 sine
581 933 614 970 ulla
625 934 722 984 hypocrism
737 935 776 982 quia

44 1001 79 1028 non
93 990 148 1028 solum
162 991 261 1040 episcopum
274 990 320 1028 hunc
332 988 416 1028 visibilem
429 990 467 1039 quis
479 989 526 1037 fallit,
540 990 571 1028 secl
582 989 683 1028 invisibilem
697 990 776 1041 decipere

44 1052 120 1085 conatur.
147 1047 187 1085 lale
200 1047 266 1086 lacinus
283 1059 318 1085 non
337 1048 357 1086 acl
375 1058 443 1085 carnem
460 1047 570 1086 referendum
585 1052 619 1094 est,
639 1048 670 1086 sed
683 1048 704 1086 ad
717 1047 776 1094 Deum,

44 1104 73 1153 qui
87 1104 186 1143 abscondita
199 1105 292 1153 cognoscit.

94 1199 141 1245 *ru
168 1205 201 1242 Vos
216 1211 271 1243 autem
286 1217 320 1243 non
334 1204 379 1242 eludi
398 1204 447 1241 dccet
461 1207 515 1242 aetate
528 1204 617 1254 Episcopi,
638 1205 669 1242 sed
683 1205 776 1244 seeundum

44 1261 122 1300 uirtutem
136 1261 165 1300 Dei
178 1262 233 1299 Patris
247 1273 315 1300 omnem
328 1260 440 1300 reverentiam
454 1260 509 1298 eidem
523 1260 612 1299 onlriberc:
628 1260 674 1310 quod
684 1265 700 1299 et
708 1268 776 1300 sanctos

44 1318 156 1369 Preshpteros
169 1318 225 1356 lacere
239 1319 283 1365 novi,
298 1330 332 1356 non
346 1318 455 1368 excipientes,
470 1317 516 1367 qnod
530 1317 614 1355 recentior
627 1317 656 1355 ille
670 1318 713 1355 ordo
721 1318 778 1356 videa-

43 1380 77 1422 tar,
91 1376 122 1413 sed
133 1381 153 1413 nt
165 1375 258 1425 prudentes
272 1376 290 1412 in
304 1375 338 1412 heo
351 1375 424 1412 eundem
442 1374 558 1421 admittentem
576 1374 608 1413 scal
620 1385 656 1411 non
668 1380 702 1412 tam
716 1374 777 1423 ipsum,

45 1443 95 1482 quam
108 1431 177 1470 Patrem
191 1431 230 1469 lesn
244 1432 307 1469 Christi
320 1432 439 1470 nniversonun
451 1431 560 1481 Episcopum.
588 1431 671 1477 Quocirca
689 1432 710 1469 ad
723 1431 778 1470 hono·

44 1500 80 1526 rem
93 1488 144 1536 illius,
159 1488 188 1538 qui
202 1488 225 1526 ita
238 1489 296 1535 voluit,
312 1488 361 1527 [lecet
373 1500 405 1526 nos
420 1487 490 1526 odedire
505 1488 542 1525 sine
555 1488 589 1526 ulla
600 1487 710 1533 simulatione,
725 1500 777 1537 quan-

44 1546 135 1594 doquidem
149 1557 183 1582 non
198 1545 281 1582 visihilom
294 1545 340 1582 lrunc
350 1545 453 1594 Episcopum
467 1544 505 1593 quis
514 1543 560 1590 fallit,
574 1545 605 1582 scd
618 1544 720 1582 invisibilem
733 1545 777 1582 deci-

44 1602 73 1649 pit.
100 1602 148 1639 Ratio
160 1607 216 1640 auteur
234 1602 319 1639 eiusmodi
332 1603 357 1639 rei
376 1613 410 1638 non
428 1601 449 1639 ad
462 1612 530 1639 caricem
542 1606 617 1651 spectat,
635 1600 666 1639 sed
685 1601 706 1639 ad
720 1600 777 1647 Eetnn,

44 1657 73 1705 qni
88 1656 187 1714 abscondita
200 1657 250 1695 norit.

205 1781 233 1821 Ill,
260 1782 307 1822 lllcte
319 1782 400 1820 aaoaaonllt'
413 1782 450 1819 sirac
463 1782 540 1831 eptscopo
554 1786 614 1831 agunt.

96 1872 147 1910 Decet
160 1873 217 1922 itaque
236 1882 271 1909 non
285 1872 335 1909 modo
350 1872 407 1910 vocari
421 1871 535 1916 Christianos,
549 1871 580 1909 sed
594 1870 643 1908 etiam
657 1881 705 1917 esse3
720 1882 777 1919 quem-

44 1930 133 1967 admodum
153 1928 230 1967 nonmrlli
247 1930 346 1979 episcopum
364 1929 432 1979 quidem
462 1928 558 1975 nominant,
577 1928 609 1965 sed
626 1929 682 1966 onrrria
699 1929 736 1966 sine
755 1940 776 1966 00

44 1986 112 2024 tacirrnt
140 1986 188 2024 Tales
208 1997 247 2023 nero
265 1997 300 2022 non
317 1985 362 2023 hona
379 1985 484 2023 conscientie
502 1984 544 2022 mihi
558 1984 631 2034 praediti
644 1997 682 2024 esse
693 1985 775 2029 videntur,

45 2043 84 2091 quia
98 2053 132 2080 non
146 2041 218 2080 firmiter
232 2040 326 2079 secundnm
339 2046 450 2092 praeceptum
464 2045 595 2090 congregentur.

54 2187 55 2190 ,
93 2150 136 2192 *itt
164 2155 245 2194 Convenit
259 2166 308 2204 ergo,
329 2166 360 2193 nos
376 2154 480 2193 Christianos
493 2165 528 2192 non
547 2159 610 2191 tantum
623 2154 689 2200 vacari,
710 2153 741 2190 sed
760 2159 778 2191 et

45 2223 89 2249 esso.
116 2210 169 2250 Sicuti
184 2213 228 2250 enirn
243 2210 319 2249 nonrmlli
333 2212 402 2250 nomine
416 2211 484 2259 quidem
497 2210 578 2261 Episcopi
594 2215 674 2256 artartrtnr,
692 2210 722 2247 sed
741 2211 777 2247 sine

45 2281 65 2307 eo
80 2269 135 2306 omnia
148 2270 217 2307 lacinnt.
232 2269 280 2307 Tales
294 2273 350 2306 autom
363 2267 494 2317 haudquaquam
508 2267 552 2305 hona
566 2267 670 2305 conscicntia
680 2266 721 2304 mihi
730 2278 777 2315 pree-

45 2325 75 2362 diti
88 2325 175 2373 videntur,
194 2326 234 2374 qatia
247 2336 281 2363 non
300 2324 353 2363 solida
370 2324 450 2362 firmitate
468 2324 561 2362 secuudum
579 2329 689 2373 praeceptum
708 2333 778 2371 congre·

44 2387 110 2431 gantrn·¹

59 2505 76 2542 t.
98 2505 171 2544 Tolihcs
182 2508 272 2556 proposito
286 2511 310 2544 est
322 2517 374 2549 00005,
388 2506 431 2554 quic
445 2506 562 2544 characterem
575 2506 717 2546 Christianorum,
732 2495 766 2551 τὴν

131 2563 209 2623 ἀγάπην,
223 2586 258 2612 non
270 2575 339 2618 lacheot
354 2574 477 2622 cupiditatibus
490 2575 527 2611 sata's
539 2585 574 2611 aaron
587 2575 690 2611 mactarentur.

98 2662 139 2708 Quia
153 2669 209 2701 autem
222 2674 250 2701 res
264 2663 316 2701 finem
330 2664 398 2709 hahent,
413 2663 463 2700 etiam
477 2664 510 2701 cluo
524 2663 567 2707 haec
581 2662 631 2700 sirmrl
643 2663 714 2707 instant,
732 2672 779 2699 mors

45 2720 116 2767 etrite,
134 2726 150 2759 ct
168 2720 285 2770 arntrsqnisqne
305 2721 322 2757 in
335 2721 424 2771 proprium
438 2719 494 2759 locum
507 2719 562 2758 iturus
577 2724 607 2757 est.
634 2717 779 2764 Quernedmodum

97 2818 133 2859 *ll
155 2821 295 2870 Quandoquidem
309 2822 360 2871 igitur
374 2835 401 2861 res
416 2822 467 2860 linem
481 2822 548 2867 habent,
563 2821 613 2858 etiam
627 2821 660 2858 dno
675 2821 717 2859 haec
731 2819 780 2858 simul

47 2878 140 2926 imminent,
154 2890 200 2918 mors
215 2882 232 2916 et
244 2878 283 2925 vita,
297 2884 314 2916 et
326 2880 445 2929 arrrarsqnisque
457 2880 475 2923 in
488 2878 577 2928 proprium
589 2877 646 2916 locunt
660 2877 736 2917 ahitnrus
749 2882 780 2915 est.
