1793 3076
258 369 514 407 leldGNESIOS.

72 467 155 515 ignatius,
174 467 203 516 qui
217 472 233 503 et
246 467 370 517 Theophanes,
387 468 487 506 benedictae
506 470 559 518 gratia
572 468 602 507 uei
618 470 672 519 patris
685 472 703 508 in
716 472 755 509 lesu

100 523 166 561 dliristo
176 523 258 561 salvatore
274 529 339 570 nostro,
353 524 418 574 inquo
433 524 487 562 saluto
498 525 594 572 ecclesiam,
608 526 754 578 quaellagnesiae

99 585 126 618 est
139 580 160 617 ad
173 580 287 629 blacandrum,
301 586 376 632 optoque
390 582 408 619 in
418 582 452 620 lieo
466 587 514 632 patre
528 583 576 621 etin
590 582 629 622 lesu
638 583 705 623 Christo
718 585 754 635 plu-

99 636 158 674 rimam
173 636 249 675 salutem,

256 735 367 770 tentatus
383 735 518 771 ttldnbstts.

71 826 166 882 *ignatius
180 831 209 881 qui
223 836 240 869 et
253 831 371 881 Tlieoplrorus,
385 831 484 870 benedictae
497 844 529 882 per
543 833 614 882 gratiam
627 833 657 872 liei
669 833 724 873 Patris
739 835 756 873 in

100 889 140 926 lesu
152 888 224 934 Gliristo,
238 888 324 926 Salvatore
338 893 404 934 nostro,
418 888 436 925 in
450 900 483 937 quc
498 890 552 926 saluto
562 889 661 936 Ecclesiam,
675 902 717 940 quae
731 897 757 929 est

101 944 197 993 Magnesiae
211 944 232 982 ad
241 943 355 990 Maeandrum,
369 949 444 994 optoque
458 945 517 984 inbec
525 946 576 983 Patre
590 951 607 984 et
620 947 682 985 inlesa
691 948 757 985 ttiristo

101 1000 193 1049 plurimum
206 1000 286 1049 gaudere.

232 1119 245 1157 l.
269 1120 327 1159 dcccc
340 1119 421 1170 eptatotac
434 1123 450 1157 et
459 1119 492 1170 pic
505 1124 550 1159 cota.

78 1214 119 1253 Cum
133 1215 232 1252 charitatem
245 1220 318 1253 vestram
332 1215 429 1264 religiosam
442 1215 517 1264 perbene
532 1216 626 1254 ordinatam
634 1217 757 1265 cognovissem,

26 1271 110 1310 ensidtans
123 1283 153 1308 vos
171 1271 190 1309 in
202 1271 236 1309 lide
250 1271 290 1310 lesu
304 1271 367 1310 Christi
381 1271 444 1320 alloqui
458 1270 531 1310 decrevi.
557 1273 629 1311 Ornatus
644 1272 688 1310 enim
705 1273 758 1310 hono·

25 1328 151 1366 riticentissimc
164 1329 232 1366 nomine
246 1329 284 1376 Dei,
298 1329 316 1366 in
329 1328 409 1374 vinculis,
424 1339 467 1377 quae
481 1328 592 1375 circumfero,
606 1329 657 1367 laudo
671 1329 758 1376 ecclesias,

27 1384 88 1434 quibus
102 1385 182 1423 amionem
197 1390 236 1434 opto
251 1396 289 1422 curn
304 1395 355 1423 carne
369 1384 461 1433 etspiritu
474 1383 514 1422 Iesu
528 1385 599 1431 Christi,
614 1386 643 1435 qui
657 1386 760 1435 sempiterna

27 1446 53 1479 est
65 1441 98 1478 vita
108 1446 173 1486 nostra,
186 1446 203 1478 et
215 1441 296 1478 unionem
310 1440 327 1477 in
341 1440 375 1479 lide
389 1445 406 1478 et
420 1440 507 1486 alteritate,
523 1441 550 1479 cui
563 1441 606 1479 nibil
618 1441 760 1491 praeferendum

26 1498 96 1535 inanimae
110 1509 150 1536 vero
164 1498 245 1535 unionem
257 1509 296 1537 cum
309 1496 349 1535 lesu
362 1502 379 1535 et
391 1495 447 1542 Patre,
461 1496 478 1533 in
488 1508 527 1545 quc,
541 1508 609 1535 omiiem
616 1497 699 1547 principis
709 1498 759 1535 huius

27 1553 81 1592 seculi
93 1555 126 1591 vim
140 1554 244 1591 sustinentes
258 1559 275 1592 et
289 1554 385 1599 evadentes,
398 1553 433 1590 neo
446 1553 536 1602 potiemur.

78 1651 108 1694 *L
126 1656 167 1694 Cum
181 1657 290 1706 cognoverim
301 1656 388 1695 caritatem
397 1661 470 1694 vestram
484 1657 578 1695 secundum
590 1656 643 1695 Deum
657 1658 720 1706 optime
734 1668 760 1694 cr·

28 1715 106 1761 dinatam,
120 1713 195 1751 exsiliens
209 1713 264 1752 animo
278 1714 366 1765 proposui,
380 1713 398 1750 in
412 1711 445 1751 lide
460 1712 499 1751 lesvr
509 1713 572 1752 Christi
585 1725 615 1752 vos
630 1713 698 1763 alloqui.
720 1712 761 1751 Cum

28 1772 72 1809 enim
84 1765 147 1808 nomen
162 1770 301 1819 avrgustissimum
316 1770 371 1808 divina
384 1770 481 1818 dignatione
494 1771 586 1808 meruerim
603 1771 621 1808 in
639 1771 665 1807 his
683 1771 760 1821 vinculis,

27 1838 70 1877 quae
84 1825 191 1871 circumiere,
205 1826 283 1864 laudibus
297 1825 451 1872 elleroEcclesias,
466 1826 482 1862 in
498 1826 559 1874 quibus
568 1830 614 1875 opto,
629 1838 697 1873 semper
704 1827 760 1863 vivere

26 1883 107 1920 unionem
121 1881 176 1919 carnis
194 1887 211 1919 et
231 1881 300 1931 spiritus
314 1881 354 1919 lesu
367 1882 429 1919 Christi
442 1881 534 1919 Salvatoris
548 1883 612 1928 nostri,
631 1880 672 1918 fidei
691 1893 760 1930 quoque

28 1945 45 1978 et
59 1939 143 1984 caritatis,
161 1949 194 1986 qua
207 1937 249 1975 nihil
260 1939 385 1987 praestantius,
398 1942 415 1975 et
429 1937 475 1987 qnod
487 1938 542 1975 maius
560 1941 597 1983 est,
611 1937 650 1975 Iesu
670 1942 687 1975 et
700 1936 761 1983 Patris,

28 1996 45 2032 iu
59 2005 93 2043 quo
107 1994 210 2032 sustinentes
225 2004 282 2032 omnes
296 1993 369 2032 insvdtus
386 1993 470 2032 violentos
484 1993 534 2031 liuius
553 1994 606 2031 seculi
623 1999 640 2030 et
654 1992 761 2042 effugientes,

28 2051 81 2090 licum
94 2062 224 2099 consequemur.

260 2153 280 2191 ll.
307 2152 378 2192 Gaudeo
392 2152 454 2200 lcqctis
467 2153 533 2190 cestris,

81 2234 121 2272 Cum
134 2234 191 2282 itaque
206 2233 266 2282 dignus
281 2232 313 2270 sim
326 2231 403 2276 haiiitus,
420 2232 478 2269 videre
491 2241 521 2268 vos
539 2241 570 2279 per
584 2228 651 2267 barnam
664 2231 763 2280 episcopum

30 2296 103 2330 vestrum
117 2292 152 2328 Dec
167 2290 245 2340 digitum,
264 2295 280 2327 et
293 2300 324 2339 per
339 2289 399 2338 dignes
412 2288 522 2338 presbyteros
536 2287 607 2325 Bassum
622 2292 639 2325 et
650 2287 763 2336 Apellonimn,

81 2388 116 2429 *lt
143 2391 225 2436 Quoniam
243 2402 284 2440 ergo
299 2391 359 2439 dignus
374 2389 408 2436 lui,
426 2391 483 2428 videre
501 2401 531 2427 vos
545 2400 577 2439 per
590 2388 666 2435 bamam,
687 2393 764 2426 sanctum

30 2449 133 2500 Episcopum
152 2452 226 2486 vestrum
232 2476 237 2495 ,
257 2448 352 2498 dignosque
370 2446 483 2498 Presbytercs
503 2445 573 2485 Bassum
591 2451 608 2485 et
623 2444 730 2496 Apollonium
748 2449 765 2482 et

33 2603 120 2646 Smithiurn;
138 2603 180 2636 adest
199 2599 215 2633 in
230 2599 277 2634 doda.
293 2599 328 2634 CL.
350 2601 388 2634 Lcc·
410 2598 510 2634 Laurentiano
529 2599 580 2634 Codex
600 2598 610 2632 C
629 2608 689 2641 quoque
703 2596 767 2633 fcuhibet

31 2650 77 2683 tionis
90 2660 108 2683 ce
119 2647 197 2690 vestigium
205 2647 290 2679 Pearscnus
301 2647 389 2688 recognovit
410 2643 514 2693 τευξόμεθα.
534 2663 537 2667 ·

31 2695 47 2728 in
58 2699 87 2728 vet.
97 2696 130 2736 lna,
143 2694 168 2737 qui
182 2693 210 2734 leg.
222 2687 247 2725 τό.
443 2692 479 2735 Cap,
490 2692 507 2725 ll.
531 2689 546 2733 1)
558 2689 627 2723 Protasin
638 2687 673 2720 hinc
679 2688 766 2722 inchoatam

64 2741 80 2783 8]
92 2741 136 2783 Fugit
145 2739 194 2773 lossii
210 2738 257 2771 aciem
270 2737 315 2770 lectio
332 2734 390 2777 τευξό-
411 2739 477 2781 scriptor
487 2737 541 2770 iterum
551 2735 609 2769 inducit
620 2745 632 2768 c.
643 2734 661 2776 d,
676 2733 727 2779 ibique
740 2734 767 2767 ab·

32 2787 148 2833 praeviat,
168 2794 201 2819 cum
216 2782 332 2825 imprimendum
347 2794 390 2817 carra·
411 2784 461 2817 solvit.
485 2783 514 2816 Cir.
529 2783 556 2825 Ep.
573 2780 644 2824 ad-Epli.
660 2792 672 2815 c
690 2782 703 2816 1.
717 2779 768 2815 Ἐπεὶ

32 2833 71 2865 vern
81 2828 190 2878 paviditate,
201 2829 240 2862 illud
251 2829 311 2871 quidem
322 2829 341 2862 de
354 2841 391 2863 con·
412 2823 443 2865 οὖν
454 2829 489 2863 κτλ.

34 2878 91 2912 iectura
109 2879 149 2912 notis
169 2874 269 2912 adscribens
291 2873 328 2909 Cum
351 2875 390 2910 libro
444 2874 461 2919 2)
474 2869 616 2910 daolcvl'ocGL.
