1793 3076
163 76 248 118 fluentant
261 78 347 119 PASTOR.
373 80 474 122 trudant.
502 79 634 120 stlattaria.
649 76 675 128 (Β)
754 73 792 116 485

59 190 123 230 lltcnirn
142 190 156 228 si
173 188 251 230 volueris
263 197 323 243 postca
336 195 398 233 reverti
417 196 434 232 in
447 195 508 232 urhenr
520 199 571 241 tnarn,
586 194 681 233 excluderis
695 193 715 232 alr
730 203 758 238 ea,
774 197 792 230 et

4 267 5 270 ¹
59 260 93 287 non
107 247 205 296 recipieris,
220 250 235 286 si
249 248 269 286 ab
284 251 320 288 eius
335 251 436 290 discesseris
449 251 493 301 lege.
519 251 560 290 Vide
571 252 629 301 itaque
648 257 666 290 tu
683 252 727 290 sicut
741 263 790 302 pere·

60 303 118 355 prinus
132 303 160 341 liic
172 300 263 350 habitans,4
281 317 302 343 ne
322 307 362 355 quid
382 307 452 357 anplius
469 318 560 357 praepares
579 308 617 355 tibi,
633 319 683 357 quarn
702 309 748 358 quod
768 308 791 345 sit

59 361 180 404 rrecessarirun,
196 360 241 409 quod
256 361 329 398 sufficiat
342 362 362 398 ad
375 364 448 407 rictum,
462 370 566 411 paratusque
586 365 619 410 sis,
634 369 652 400 nt
666 376 704 400 carn
717 364 790 401 voluerit

60 417 138 455 donrirnrs
151 416 201 453 huius
214 415 262 452 urbis
277 417 362 466 expellere
373 423 394 464 te,
403 415 454 465 [iren]
465 420 584 457 contradicens
592 420 657 469 legibus
667 422 703 458 eius
713 420 789 466 recedas,

60 479 76 511 rt
89 473 146 509 venias
160 473 178 509 in
191 472 252 508 urlrcnr
266 478 315 518 triarii,
328 475 416 522 altarisque
434 474 471 522 lege
490 480 518 511 tua
535 476 571 512 sine
590 476 651 514 iniuria
668 477 729 514 lactus.
756 477 789 513 Vos

59 530 114 578 igitur,
129 529 158 576 qui
172 527 238 564 servilis
253 528 285 565 ltco
301 539 374 577 cunique
388 530 404 565 in
418 529 523 578 praecordiis
532 531 592 568 vcstris
606 532 677 578 lralretis,
691 534 789 581 operarius

59 586 114 631 lacite,
129 594 213 621 narratores
223 585 339 622 raraudatorurn
347 585 515 634 praeparatumque
525 585 566 631 eius,
581 582 699 635 quascunquc⁵
712 589 791 636 promisit

59 653 77 680 se
92 642 175 678 lacturnrn
197 641 232 683 cis,
252 641 281 689 qni
300 641 372 678 credunt
390 641 405 678 ei
427 646 444 678 et
461 641 538 678 nranrlata
556 642 592 678 aius
613 641 731 679 custodierint.
756 644 790 680 Pro

58 699 103 746 agris
118 697 170 744 igitur
183 695 259 733 errrerrdis
273 697 338 733 arrinros
349 697 370 734 de
378 696 508 734 necessitatibus
518 696 602 743 realirndc,
615 702 667 747 prout
680 699 718 746 quis
728 703 792 748 potest.

58 755 120 792 Viduas
130 759 146 790 et
156 752 229 802 prrpillcs
238 752 298 800 torrere,
312 764 344 790 nec
354 765 383 791 ros
394 753 472 791 avertatis
486 752 506 790 alr
518 752 557 803 illis,
573 758 589 791 et
598 764 640 803 opos
652 758 717 791 vestras
731 764 791 791 ornnes

58 815 74 848 ct
88 815 178 859 apparatus
192 809 209 845 in
224 808 321 846 lruiusrncdi
340 820 390 859 agros
409 810 504 858 densusque
522 810 620 859 inpendite,
636 805 684 859 quia⁶
698 816 791 860 prepterea

58 868 100 905 lracc
114 865 205 915 accepistis
219 876 227 902 a
241 865 281 903 Deo.
307 865 331 903 ou
346 866 379 903 hoc
393 877 433 916 ergo
447 866 528 904 lloninus
537 866 649 915 locupletarit,
663 872 682 904 ut
692 866 790 904 liuiusrnodi

57 923 152 962 urirristcria
170 923 268 960 exerceatis.
297 921 349 960 llnltc
368 923 413 960 enirn
430 922 490 960 melius
508 928 543 967 cst,
562 923 605 960 tales
625 924 685 961 dornos
704 935 790 973 agrosque

58 980 135 1025 recreari,
150 991 192 1028 qnos
206 979 290 1017 inventuri
303 981 343 1017 estis
357 980 374 1017 iu
388 980 430 1018 urhe
443 984 508 1025 restra,
529 991 567 1017 curn
584 980 687 1017 intraveritis
704 980 722 1017 in
740 980 790 1017 illam.

57 1037 91 1073 uae
105 1035 218 1073 iucunditates
233 1036 287 1072 lionae
301 1035 398 1084 hilaresque
411 1040 451 1072 sunt
465 1036 501 1072 sine
515 1036 600 1073 moestitia
615 1041 632 1072 ct
642 1036 708 1073 tirnere.
735 1036 790 1073 Nolite

57 1091 109 1141 igitur
123 1098 218 1128 exterarum
232 1091 306 1139 gentiana
321 1091 434 1128 iucunditates
449 1090 538 1140 adpulere:
557 1091 679 1128 inconvenieus
693 1095 749 1128 autent
763 1096 791 1128 est

58 1147 105 1185 rolris
120 1147 173 1185 serris
185 1146 260 1184 llorrriui:
272 1147 302 1183 sed
316 1149 369 1196 tnagis
386 1148 474 1196 propriam
494 1147 613 1184 abundantiam
632 1158 711 1184 exercere
725 1147 743 1183 in
756 1147 789 1189 his,

58 1215 78 1242 eu
92 1203 154 1253 quilnrs
168 1202 237 1254 possitis
256 1202 339 1252 consequi
353 1203 437 1253 paradiurn.
465 1202 564 1240 Adulterarc
583 1207 639 1240 autern
657 1202 718 1248 nolite,
732 1213 789 1252 neque

58 1261 146 1310 adtingere
159 1261 237 1305 alieuunr,
251 1270 283 1297 nec
298 1261 422 1309 concupiscatis
436 1259 487 1304 illud,
500 1271 564 1296 rroreus
577 1259 622 1296 enirn
636 1271 664 1307 res
677 1264 703 1296 est
717 1259 789 1297 alienum

58 1311 193 1367 concupiscerc.⁷
220 1316 271 1365 llagis
286 1320 342 1353 atracia
356 1322 403 1353 tnrrnr
417 1327 460 1364 opus
475 1326 541 1361 exerce,
555 1321 571 1352 et
585 1314 655 1352 lrahcbis
670 1315 747 1352 salutern.

326 1474 426 1500 SllllLlTUDO
441 1473 523 1499 SECUNDA.

110 1550 133 1601 (u)
147 1553 187 1591 tura
201 1553 303 1592 arrrlrularern
318 1553 336 1589 in
350 1563 401 1601 agro,
416 1556 433 1587 et
446 1549 573 1587 corrsiderarern
588 1550 652 1588 ulmum
672 1555 689 1588 et
701 1551 760 1595 ritern,
774 1554 791 1587 et

58 1610 163 1659 disputarem
178 1609 198 1647 de
213 1609 237 1647 eis
252 1616 269 1646 ct
287 1610 307 1647 de
324 1608 408 1645 lructilrus
426 1618 493 1651 carnut,
507 1607 586 1656 alaparuit
598 1608 639 1644 rrrilri
653 1613 712 1656 pastor
725 1606 760 1651 ille⁷
775 1612 792 1643 et

59 1667 80 1704 ait
94 1665 144 1704 nrilri:
159 1665 199 1715 quid
213 1672 231 1703 tu
245 1665 289 1703 intra
301 1670 317 1702 te
326 1664 402 1713 disputas
416 1664 436 1701 dc
447 1663 478 1700 lrac
488 1663 521 1700 rite
530 1668 547 1699 et
555 1663 613 1700 nlrncl
628 1663 703 1712 ltispute,
717 1663 791 1712 inquarn,

59 1723 135 1768 dorninc,
156 1734 206 1770 quana
220 1723 254 1760 siut
270 1722 341 1760 invicenr
359 1714 417 1758 altera1
437 1719 486 1757 alteri
504 1719 567 1756 decori.
594 1719 614 1757 llt
632 1718 673 1757 dixit
691 1719 741 1757 rnilri:
759 1719 791 1757 hae

58 1779 101 1816 duae
118 1778 189 1816 arlrores
208 1778 224 1815 in
243 1777 319 1826 enerrrplc
337 1776 402 1824 positae
422 1780 461 1812 sunt
480 1775 508 1811 Dei
522 1776 581 1811 servis.
607 1775 695 1822 Veledam,
715 1776 790 1823 inquam,

58 1835 137 1879 domine,
151 1845 203 1870 nesse
217 1834 259 1878 hae,
274 1832 320 1881 qircd
339 1832 381 1868 dicis
396 1831 416 1867 de
431 1829 511 1878 ercrnplis
526 1829 605 1867 arlrerurn
622 1830 687 1867 lrarurn.
714 1830 734 1867 Et
748 1830 790 1867 dixit

58 1891 107 1929 rnilri:
120 1891 157 1928 ritis
172 1881 219 1928 laec
232 1889 319 1927 lructilcra
340 1892 375 1933 est;
393 1886 449 1924 nlrnus
467 1890 522 1923 arrtcnr
539 1884 598 1925 sterile
615 1884 679 1934 ligurun
698 1890 728 1923 est.
756 1884 790 1923 Sed

58 1948 100 1986 lraee
114 1947 151 1984 ritis
165 1947 199 1983 nisi
213 1946 295 1996 applicata
310 1944 361 1982 luerit
373 1944 424 1988 ulrno,
438 1954 472 1980 aron
486 1937 543 1991 potest
557 1943 646 1991 copiosurn
655 1943 700 1980 lerre
711 1942 789 1979 lructurn.

58 2005 115 2042 laceras
130 2004 174 2040 enirn
189 2007 316 2052 superterram
335 2000 423 2050 putrescit,
441 2010 476 2036 non
494 2010 578 2048 suspensa
599 2010 619 2036 eu
636 1999 688 2036 ulnae.
714 1999 735 2036 dt
754 2009 792 2036 curn

59 2061 125 2099 adiecta
139 2065 165 2099 cst
179 2059 216 2097 vitis
230 2060 285 2103 ulrno,
300 2063 316 2095 et
334 2069 365 2107 pro
379 2068 398 2094 se
413 2061 429 2093 et
448 2067 479 2105 pre
497 2055 543 2093 ulrno
562 2055 636 2093 lructunr
656 2054 715 2092 adlerl.
740 2054 792 2093 Vides

58 2128 99 2168 erga
115 2117 164 2154 etianr
179 2115 242 2153 ulrnurn
257 2116 302 2153 lerre
316 2115 399 2158 fructum,
413 2123 448 2149 aera
461 2112 545 2149 nriuerern
559 2123 609 2161 quana
620 2111 683 2157 ritem,
697 2111 727 2149 sed
740 2110 792 2148 maio

59 2186 104 2219 rena,
123 2174 204 2222 queniam
222 2173 259 2209 ritis
278 2182 362 2219 suspensa
382 2170 402 2207 alt
422 2168 467 2206 ulrno
486 2167 576 2217 copiosum
597 2167 671 2206 lructurn
692 2172 714 2205 et'
727 2166 803 2207 honum*

58 2233 142 2277 praestat3
161 2230 178 2266 in
198 2234 243 2266 terra
261 2233 318 2265 auteur
334 2226 392 2264 iacens
411 2224 489 2274 enigrunn
507 2229 523 2261 et
541 2218 632 2273 nugaccrn²
648 2223 719 2261 adferet.
746 2222 793 2260 llaec

59 2326 190 2333 ———.....

91 2384 107 2427 3)
118 2385 178 2418 illcrcun
189 2383 220 2416 llat.
468 2379 485 2422 l)
498 2381 572 2422 applicata
583 2377 614 2411 Pal.
625 2377 666 2419 tat,
685 2376 700 2410 in
716 2387 746 2420 que
757 2386 792 2410 naon

90 2431 107 2474 4)
119 2427 317 2469 llolctcraLarnb.Pallan,
327 2426 351 2459 laic
361 2425 415 2460 deinde
436 2427 511 2469 refrigeret
524 2436 538 2468 p.
550 2425 641 2467 rcqactccarit.

60 2488 96 2520 qnos
107 2488 123 2519 p.
136 2479 180 2520 qrcod.
303 2477 309 2485 ‘
469 2473 486 2513 8)
498 2473 549 2504 lcccus
570 2474 619 2503 autern
636 2471 651 2503 in
667 2474 720 2503 turca
739 2471 793 2503 errulum

92 2521 109 2564 t)
120 2524 157 2555 lianc
169 2522 211 2554 deest
221 2519 236 2552 in
246 2519 278 2552 lat.
435 2519 499 2558 percauta
510 2518 535 2549 dat
546 2517 580 2557 qrcr'a
590 2516 644 2558 pendet
653 2515 686 2549 Vat.

92 2588 108 2631 6)
121 2590 179 2623 Laudat
190 2589 204 2621 lh
217 2587 226 2620 l·
238 2587 278 2629 01,ng
290 2587 329 2620 hom.
343 2586 360 2626 X,
372 2585 391 2618 Ζ
399 2585 414 2618 jn
468 2563 485 2604 9)
497 2562 532 2604 quic
543 2564 557 2592 ct
564 2561 601 2602 llat,
613 2560 647 2593 dein
658 2562 705 2601 atrapis
715 2560 791 2601 ppctitts.

60 2637 119 2670 losnonr
130 2636 172 2669 Tora.
182 2634 205 2668 nl.
216 2634 232 2667 P.
239 2634 249 2666 l.
260 2643 275 2676 p.
288 2632 322 2666 tot.
335 2632 358 2664 cd.
369 2632 415 2664 Lorn—
469 2630 486 2672 l)
497 2630 547 2662 lculttc
558 2627 595 2669 rat,
606 2638 640 2661 nou
652 2632 684 2661 crat
694 2628 715 2660 ric
725 2636 740 2668 p.
753 2628 780 2659 ris.

61 2684 131 2716 matasclr.
144 2681 204 2715 Seruius
216 2680 234 2712 ad
244 2679 302 2721 Virgilii
313 2678 367 2719 Gccrg.
377 2678 388 2718 l,
400 2678 414 2710 2.
469 2677 484 2719 5)
497 2684 583 2719 quacunque
597 2674 628 2707 Pal.

61 2753 65 2760 .
77 2754 81 2763 .
93 2754 96 2761 .
108 2730 180 2770 rrlrrtirqoc
193 2727 270 2767 odiarapcre
285 2726 322 2757 cites
333 2728 384 2757 rrotat:
401 2729 416 2756 ct
468 2722 484 2765 6)
496 2722 520 2764 qni
532 2720 563 2752 Pal.

62 2775 91 2807 hoc
102 2774 183 2808 secundnm
194 2771 245 2806 ltaliae
261 2770 305 2803 situm
320 2770 379 2803 locutus
388 2774 415 2810 est,
469 2768 485 2809 l)
496 2766 581 2808 concupisci
592 2764 623 2797 Pal.
710 2811 713 2818 Ι

61 2820 118 2862 inqua
135 2820 172 2853 vites
189 2818 233 2851 altius
247 2817 328 2850 elevantur.
350 2818 372 2850 Eu
386 2818 417 2849 hec
470 2813 505 2847 Sin.
516 2812 533 2845 ll.
556 2811 572 2855 l]
584 2809 671 2852 atterrat,
689 2810 715 2844 rahe
727 2813 793 2846 dccorcuc

63 2874 123 2906 qnoque
133 2865 168 2898 loco
181 2865 200 2897 H.
211 2863 265 2895 librnnr
277 2867 345 2894 nostruin
354 2861 417 2894 inltalia
438 2859 484 2904 (ferte
495 2856 559 2897 decores)
569 2867 585 2897 p.
597 2857 650 2889 decori.

62 2909 135 2951 scripturn
147 2918 180 2944 csse
192 2907 253 2950 colligit.
468 2903 485 2948 2)
495 2913 535 2946 erqo
546 2901 578 2933 Pal.
