<?xml version="1.0" encoding="UTF-8"?>
<!DOCTYPE html PUBLIC "-//W3C//DTD XHTML 1.0 Transitional//EN"
    "http://www.w3.org/TR/xhtml1/DTD/xhtml1-transitional.dtd">
<html xmlns="http://www.w3.org/1999/xhtml" xml:lang="en" lang="en">
 <head>
  <title>
</title>
<meta http-equiv="Content-Type" content="text/html;charset=utf-8" />
  <meta name='ocr-system' content='tesseract 3.04.00' />
  <meta name='ocr-capabilities' content='ocr_page ocr_carea ocr_par ocr_line ocrx_word'/>
</head>
<body>
  <div class='ocr_page' id='page_1' title='image "./MN40294ucmf_1/MN40294ucmf_1_0185.png"; bbox 0 0 1793 3076; ppageno 0'>
   <div class='ocr_carea' id='block_1_1' title="bbox 270 46 870 92">
    <p class='ocr_par' dir='ltr' id='par_1_1' title="bbox 270 46 870 92">
     <span class='ocr_line' id='line_1_1' title="bbox 270 46 870 92; baseline -0.002 -5"><span class='ocrx_word' id='word_1_1' title='bbox 270 48 283 86; x_wconf 83' lang='lat' dir='ltr'>b</span> <span class='ocrx_word' id='word_1_2' title='bbox 296 50 411 88; x_wconf 76' lang='lat' dir='ltr'>subtrensis</span> <span class='ocrx_word' id='word_1_3' title='bbox 425 52 451 88; x_wconf 82' lang='lat' dir='ltr'>nb</span> <span class='ocrx_word' id='word_1_4' title='bbox 466 51 511 89; x_wconf 81' lang='lat' dir='ltr'>COR.</span> <span class='ocrx_word' id='word_1_5' title='bbox 532 51 565 92; x_wconf 80' lang='lat' dir='ltr'>xl,</span> <span class='ocrx_word' id='word_1_6' title='bbox 579 50 620 89; x_wconf 81' lang='lat' dir='ltr'>nm.</span> <span class='ocrx_word' id='word_1_7' title='bbox 788 46 812 87; x_wconf 77' lang='lat' dir='ltr'>bb</span> <span class='ocrx_word' id='word_1_8' title='bbox 867 53 870 58; x_wconf 78' lang='grc'>’</span> 
     </span>
    </p>
   </div>
   <div class='ocr_carea' id='block_1_2' title="bbox 40 160 835 1056">
    <p class='ocr_par' dir='ltr' id='par_1_2' title="bbox 40 160 835 1056">
     <span class='ocr_line' id='line_1_2' title="bbox 79 160 811 214; baseline 0.001 -15"><span class='ocrx_word' id='word_1_9' title='bbox 79 162 101 199; x_wconf 90' lang='lat' dir='ltr'>tia</span> <span class='ocrx_word' id='word_1_10' title='bbox 118 160 193 209; x_wconf 78' lang='lat' dir='ltr'>profert,</span> <span class='ocrx_word' id='word_1_11' title='bbox 211 172 245 200; x_wconf 94' lang='lat' dir='ltr'>uon</span> <span class='ocrx_word' id='word_1_12' title='bbox 264 163 359 209; x_wconf 75' lang='lat' dir='ltr'>haesitans,</span> <span class='ocrx_word' id='word_1_13' title='bbox 378 174 435 212; x_wconf 88' lang='lat' dir='ltr'>neque</span> <span class='ocrx_word' id='word_1_14' title='bbox 452 168 518 202; x_wconf 80' lang='lat' dir='ltr'>annutans</span> <span class='ocrx_word' id='word_1_15' title='bbox 536 165 628 214; x_wconf 80' lang='lat' dir='ltr'>quidquam</span> <span class='ocrx_word' id='word_1_16' title='bbox 648 176 709 203; x_wconf 91' lang='lat' dir='ltr'>eornm</span> <span class='ocrx_word' id='word_1_17' title='bbox 726 163 771 213; x_wconf 73' lang='lat' dir='ltr'>qliae</span> <span class='ocrx_word' id='word_1_18' title='bbox 791 163 811 200; x_wconf 94' lang='lat' dir='ltr'>ab</span> 
     </span>
     <span class='ocr_line' id='line_1_3' title="bbox 78 217 810 270; baseline 0.005 -17"><span class='ocrx_word' id='word_1_19' title='bbox 78 217 106 254; x_wconf 91' lang='lat' dir='ltr'>illo</span> <span class='ocrx_word' id='word_1_20' title='bbox 126 217 196 255; x_wconf 89' lang='lat' dir='ltr'>decreta</span> <span class='ocrx_word' id='word_1_21' title='bbox 215 224 259 257; x_wconf 90' lang='lat' dir='ltr'>sunt.</span> <span class='ocrx_word' id='word_1_22' title='bbox 285 219 390 268; x_wconf 78' lang='lat' dir='ltr'>abyssorum</span> <span class='ocrx_word' id='word_1_23' title='bbox 407 219 537 267; x_wconf 70' lang='lat' dir='ltr'>investigabilia,</span> <span class='ocrx_word' id='word_1_24' title='bbox 555 226 571 258; x_wconf 88' lang='lat' dir='ltr'>et</span> <span class='ocrx_word' id='word_1_25' title='bbox 588 221 669 270; x_wconf 88' lang='lat' dir='ltr'>prcsundi</span> <span class='ocrx_word' id='word_1_26' title='bbox 686 219 810 259; x_wconf 77' lang='lat' dir='ltr'>inenarrabiles</span> 
     </span>
     <span class='ocr_line' id='line_1_4' title="bbox 77 273 810 327; baseline 0.005 -18"><span class='ocrx_word' id='word_1_27' title='bbox 77 273 192 312; x_wconf 69' lang='lat' dir='ltr'>institutiones</span> <span class='ocrx_word' id='word_1_28' title='bbox 206 275 270 312; x_wconf 88' lang='lat' dir='ltr'>eisdem</span> <span class='ocrx_word' id='word_1_29' title='bbox 283 274 350 323; x_wconf 79' lang='lat' dir='ltr'>legibus</span> <span class='ocrx_word' id='word_1_30' title='bbox 364 275 479 312; x_wconf 85' lang='lat' dir='ltr'>continentur.</span> <span class='ocrx_word' id='word_1_31' title='bbox 506 275 558 313; x_wconf 86' lang='lat' dir='ltr'>bleles</span> <span class='ocrx_word' id='word_1_32' title='bbox 572 278 649 314; x_wconf 90' lang='lat' dir='ltr'>immensi</span> <span class='ocrx_word' id='word_1_33' title='bbox 663 279 722 322; x_wconf 88' lang='lat' dir='ltr'>maris,</span> <span class='ocrx_word' id='word_1_34' title='bbox 736 288 769 327; x_wconf 88' lang='lat' dir='ltr'>per</span> <span class='ocrx_word' id='word_1_35' title='bbox 783 288 810 314; x_wconf 89' lang='lat' dir='ltr'>nr-</span> 
     </span>
     <span class='ocr_line' id='line_1_5' title="bbox 78 329 809 381; baseline 0.004 -14"><span class='ocrx_word' id='word_1_36' title='bbox 78 329 181 367; x_wconf 91' lang='lat' dir='ltr'>dinaticnem</span> <span class='ocrx_word' id='word_1_37' title='bbox 195 330 231 368; x_wconf 89' lang='lat' dir='ltr'>cius</span> <span class='ocrx_word' id='word_1_38' title='bbox 246 331 262 368; x_wconf 94' lang='lat' dir='ltr'>in</span> <span class='ocrx_word' id='word_1_39' title='bbox 277 331 353 368; x_wconf 82' lang='lat' dir='ltr'>csiaaudos</span> <span class='ocrx_word' id='word_1_40' title='bbox 367 335 490 380; x_wconf 80' lang='lat' dir='ltr'>coagmentata,</span> <span class='ocrx_word' id='word_1_41' title='bbox 509 331 628 381; x_wconf 89' lang='lat' dir='ltr'>circumposita</span> <span class='ocrx_word' id='word_1_42' title='bbox 642 333 675 371; x_wconf 92' lang='lat' dir='ltr'>sibi</span> <span class='ocrx_word' id='word_1_43' title='bbox 688 334 761 372; x_wconf 89' lang='lat' dir='ltr'>claustra</span> <span class='ocrx_word' id='word_1_44' title='bbox 774 344 809 370; x_wconf 90' lang='lat' dir='ltr'>non</span> 
     </span>
     <span class='ocr_line' id='line_1_6' title="bbox 78 386 808 439; baseline 0.007 -17"><span class='ocrx_word' id='word_1_45' title='bbox 78 386 206 434; x_wconf 70' lang='lat' dir='ltr'>transgreditur,</span> <span class='ocrx_word' id='word_1_46' title='bbox 218 387 249 423; x_wconf 91' lang='lat' dir='ltr'>scd</span> <span class='ocrx_word' id='word_1_47' title='bbox 262 391 314 435; x_wconf 89' lang='lat' dir='ltr'>prout</span> <span class='ocrx_word' id='word_1_48' title='bbox 328 387 343 423; x_wconf 93' lang='lat' dir='ltr'>ei</span> <span class='ocrx_word' id='word_1_49' title='bbox 357 387 448 435; x_wconf 88' lang='lat' dir='ltr'>praecepit,</span> <span class='ocrx_word' id='word_1_50' title='bbox 463 387 485 423; x_wconf 89' lang='lat' dir='ltr'>ita</span> <span class='ocrx_word' id='word_1_51' title='bbox 499 387 544 425; x_wconf 86' lang='lat' dir='ltr'>lae-it.</span> <span class='ocrx_word' id='word_1_52' title='bbox 571 387 615 424; x_wconf 82' lang='lat' dir='ltr'>Dixit</span> <span class='ocrx_word' id='word_1_53' title='bbox 628 389 681 424; x_wconf 90' lang='lat' dir='ltr'>enim:</span> <span class='ocrx_word' id='word_1_54' title='bbox 700 390 739 435; x_wconf 84' lang='lat' dir='ltr'>,linc</span> <span class='ocrx_word' id='word_1_55' title='bbox 753 402 808 439; x_wconf 90' lang='lat' dir='ltr'>nsque</span> 
     </span>
     <span class='ocr_line' id='line_1_7' title="bbox 76 439 807 490; baseline 0.004 -12"><span class='ocrx_word' id='word_1_56' title='bbox 76 440 143 485; x_wconf 86' lang='lat' dir='ltr'>uenies,</span> <span class='ocrx_word' id='word_1_57' title='bbox 158 445 175 478; x_wconf 88' lang='lat' dir='ltr'>et</span> <span class='ocrx_word' id='word_1_58' title='bbox 187 442 205 478; x_wconf 91' lang='lat' dir='ltr'>in</span> <span class='ocrx_word' id='word_1_59' title='bbox 218 447 235 479; x_wconf 90' lang='lat' dir='ltr'>tc</span> <span class='ocrx_word' id='word_1_60' title='bbox 255 443 292 490; x_wconf 90' lang='lat' dir='ltr'>ipso</span> <span class='ocrx_word' id='word_1_61' title='bbox 311 445 421 480; x_wconf 82' lang='lat' dir='ltr'>conterentur</span> <span class='ocrx_word' id='word_1_62' title='bbox 435 441 498 479; x_wconf 69' lang='lat' dir='ltr'>nisenus</span> <span class='ocrx_word' id='word_1_63' title='bbox 510 439 546 479; x_wconf 86' lang='lat' dir='ltr'>tai‘</span> <span class='ocrx_word' id='word_1_64' title='bbox 572 442 648 480; x_wconf 85' lang='lat' dir='ltr'>lteeauus</span> <span class='ocrx_word' id='word_1_65' title='bbox 665 443 761 481; x_wconf 89' lang='lat' dir='ltr'>bominibus</span> <span class='ocrx_word' id='word_1_66' title='bbox 778 446 807 482; x_wconf 87' lang='lat' dir='ltr'>im·</span> 
     </span>
     <span class='ocr_line' id='line_1_8' title="bbox 76 496 808 548; baseline 0.003 -13"><span class='ocrx_word' id='word_1_67' title='bbox 76 496 194 548; x_wconf 69' lang='lat' dir='ltr'>permeabilis,</span> <span class='ocrx_word' id='word_1_68' title='bbox 209 502 226 535; x_wconf 89' lang='lat' dir='ltr'>et</span> <span class='ocrx_word' id='word_1_69' title='bbox 239 499 268 547; x_wconf 82' lang='lat' dir='ltr'>qm</span> <span class='ocrx_word' id='word_1_70' title='bbox 281 503 327 535; x_wconf 88' lang='lat' dir='ltr'>trans</span> <span class='ocrx_word' id='word_1_71' title='bbox 341 497 397 547; x_wconf 91' lang='lat' dir='ltr'>ipsum</span> <span class='ocrx_word' id='word_1_72' title='bbox 412 503 451 536; x_wconf 87' lang='lat' dir='ltr'>sunt</span> <span class='ocrx_word' id='word_1_73' title='bbox 464 498 532 544; x_wconf 84' lang='lat' dir='ltr'>raramdi,</span> <span class='ocrx_word' id='word_1_74' title='bbox 553 497 618 536; x_wconf 91' lang='lat' dir='ltr'>eisdem</span> <span class='ocrx_word' id='word_1_75' title='bbox 630 498 696 536; x_wconf 84' lang='lat' dir='ltr'>Domini</span> <span class='ocrx_word' id='word_1_76' title='bbox 712 499 808 548; x_wconf 87' lang='lat' dir='ltr'>dispositio-</span> 
     </span>
     <span class='ocr_line' id='line_1_9' title="bbox 75 553 835 610; baseline 0.004 -19"><span class='ocrx_word' id='word_1_77' title='bbox 75 553 125 591; x_wconf 84' lang='lat' dir='ltr'>nibus</span> <span class='ocrx_word' id='word_1_78' title='bbox 140 554 261 602; x_wconf 77' lang='lat' dir='ltr'>gubernantur.</span> <span class='ocrx_word' id='word_1_79' title='bbox 288 555 362 600; x_wconf 85' lang='lat' dir='ltr'>Vernae,</span> <span class='ocrx_word' id='word_1_80' title='bbox 380 555 463 603; x_wconf 84' lang='lat' dir='ltr'>aestivae,</span> <span class='ocrx_word' id='word_1_81' title='bbox 483 555 587 593; x_wconf 88' lang='lat' dir='ltr'>autmrrnales</span> <span class='ocrx_word' id='word_1_82' title='bbox 606 560 623 593; x_wconf 92' lang='lat' dir='ltr'>et</span> <span class='ocrx_word' id='word_1_83' title='bbox 640 555 726 604; x_wconf 74' lang='lat' dir='ltr'>hyemales</span> <span class='ocrx_word' id='word_1_84' title='bbox 746 561 808 604; x_wconf 88' lang='lat' dir='ltr'>tempe·</span> <span class='ocrx_word' id='word_1_85' title='bbox 829 596 835 610; x_wconf 39' lang='lat'><strong><em>¹</em></strong></span> 
     </span>
     <span class='ocr_line' id='line_1_10' title="bbox 76 610 809 661; baseline 0.003 -13"><span class='ocrx_word' id='word_1_86' title='bbox 76 614 128 649; x_wconf 87' lang='lat' dir='ltr'>states</span> <span class='ocrx_word' id='word_1_87' title='bbox 142 610 159 647; x_wconf 90' lang='lat' dir='ltr'>in</span> <span class='ocrx_word' id='word_1_88' title='bbox 173 622 215 659; x_wconf 90' lang='lat' dir='ltr'>pace</span> <span class='ocrx_word' id='word_1_89' title='bbox 229 611 270 649; x_wconf 89' lang='lat' dir='ltr'>aliae</span> <span class='ocrx_word' id='word_1_90' title='bbox 286 611 322 648; x_wconf 91' lang='lat' dir='ltr'>aliis</span> <span class='ocrx_word' id='word_1_91' title='bbox 340 612 439 649; x_wconf 89' lang='lat' dir='ltr'>succedunt.</span> <span class='ocrx_word' id='word_1_92' title='bbox 467 612 558 649; x_wconf 76' lang='lat' dir='ltr'>llentorum</span> <span class='ocrx_word' id='word_1_93' title='bbox 577 612 659 649; x_wconf 89' lang='lat' dir='ltr'>stationes</span> <span class='ocrx_word' id='word_1_94' title='bbox 678 612 759 661; x_wconf 84' lang='lat' dir='ltr'>peculiari</span> <span class='ocrx_word' id='word_1_95' title='bbox 778 624 809 650; x_wconf 90' lang='lat' dir='ltr'>sno</span> 
     </span>
     <span class='ocr_line' id='line_1_11' title="bbox 75 667 808 718; baseline 0.001 -14"><span class='ocrx_word' id='word_1_96' title='bbox 75 671 152 714; x_wconf 88' lang='lat' dir='ltr'>tempore</span> <span class='ocrx_word' id='word_1_97' title='bbox 164 679 225 706; x_wconf 81' lang='lat' dir='ltr'>neutras</span> <span class='ocrx_word' id='word_1_98' title='bbox 240 679 289 705; x_wconf 89' lang='lat' dir='ltr'>suurn</span> <span class='ocrx_word' id='word_1_99' title='bbox 308 667 344 705; x_wconf 90' lang='lat' dir='ltr'>sine</span> <span class='ocrx_word' id='word_1_100' title='bbox 362 667 465 706; x_wconf 78' lang='lat' dir='ltr'>offendicula</span> <span class='ocrx_word' id='word_1_101' title='bbox 484 668 558 714; x_wconf 74' lang='lat' dir='ltr'>olteunt3</span> <span class='ocrx_word' id='word_1_102' title='bbox 578 668 634 706; x_wconf 80' lang='lat' dir='ltr'>lennes</span> <span class='ocrx_word' id='word_1_103' title='bbox 651 668 701 706; x_wconf 90' lang='lat' dir='ltr'>etiam</span> <span class='ocrx_word' id='word_1_104' title='bbox 718 679 808 718; x_wconf 81' lang='lat' dir='ltr'>perennes,</span> 
     </span>
     <span class='ocr_line' id='line_1_12' title="bbox 75 723 809 769; baseline 0 -9"><span class='ocrx_word' id='word_1_105' title='bbox 75 723 96 760; x_wconf 88' lang='lat' dir='ltr'>ad</span> <span class='ocrx_word' id='word_1_106' title='bbox 109 734 159 760; x_wconf 91' lang='lat' dir='ltr'>usum</span> <span class='ocrx_word' id='word_1_107' title='bbox 174 728 190 760; x_wconf 92' lang='lat' dir='ltr'>et</span> <span class='ocrx_word' id='word_1_108' title='bbox 205 724 293 761; x_wconf 87' lang='lat' dir='ltr'>sanitatem</span> <span class='ocrx_word' id='word_1_109' title='bbox 307 723 358 769; x_wconf 85' lang='lat' dir='ltr'>lacti,</span> <span class='ocrx_word' id='word_1_110' title='bbox 372 723 426 761; x_wconf 80' lang='lat' dir='ltr'>adaera</span> <span class='ocrx_word' id='word_1_111' title='bbox 439 725 475 761; x_wconf 91' lang='lat' dir='ltr'>siue</span> <span class='ocrx_word' id='word_1_112' title='bbox 490 724 558 761; x_wconf 82' lang='lat' dir='ltr'>detecta</span> <span class='ocrx_word' id='word_1_113' title='bbox 572 723 592 760; x_wconf 89' lang='lat' dir='ltr'>ad</span> <span class='ocrx_word' id='word_1_114' title='bbox 609 724 658 761; x_wconf 88' lang='lat' dir='ltr'>ritarn</span> <span class='ocrx_word' id='word_1_115' title='bbox 676 725 764 761; x_wconf 89' lang='lat' dir='ltr'>bominum</span> <span class='ocrx_word' id='word_1_116' title='bbox 782 736 809 760; x_wconf 91' lang='lat' dir='ltr'>su·</span> 
     </span>
     <span class='ocr_line' id='line_1_13' title="bbox 40 779 809 829; baseline 0.001 -13"><span class='ocrx_word' id='word_1_117' title='bbox 40 802 41 805; x_wconf 62' lang='lat'><em>=</em></span> <span class='ocrx_word' id='word_1_118' title='bbox 75 780 181 817; x_wconf 88' lang='lat' dir='ltr'>stentaudam</span> <span class='ocrx_word' id='word_1_119' title='bbox 194 779 286 829; x_wconf 84' lang='lat' dir='ltr'>praebent;</span> <span class='ocrx_word' id='word_1_120' title='bbox 306 784 323 817; x_wconf 85' lang='lat' dir='ltr'>et</span> <span class='ocrx_word' id='word_1_121' title='bbox 336 781 414 818; x_wconf 88' lang='lat' dir='ltr'>animalia</span> <span class='ocrx_word' id='word_1_122' title='bbox 426 781 496 817; x_wconf 89' lang='lat' dir='ltr'>minima</span> <span class='ocrx_word' id='word_1_123' title='bbox 508 781 525 817; x_wconf 96' lang='lat' dir='ltr'>in</span> <span class='ocrx_word' id='word_1_124' title='bbox 539 791 581 829; x_wconf 89' lang='lat' dir='ltr'>pace</span> <span class='ocrx_word' id='word_1_125' title='bbox 599 785 617 818; x_wconf 82' lang='lat' dir='ltr'>et</span> <span class='ocrx_word' id='word_1_126' title='bbox 637 780 729 817; x_wconf 85' lang='lat' dir='ltr'>ceraccrdia</span> <span class='ocrx_word' id='word_1_127' title='bbox 749 784 809 818; x_wconf 88' lang='lat' dir='ltr'>coetus</span> 
     </span>
     <span class='ocr_line' id='line_1_14' title="bbox 74 835 809 886; baseline -0.003 -12"><span class='ocrx_word' id='word_1_128' title='bbox 74 846 115 874; x_wconf 86' lang='lat' dir='ltr'>sues</span> <span class='ocrx_word' id='word_1_129' title='bbox 130 835 197 874; x_wconf 74' lang='lat' dir='ltr'>facium.</span> <span class='ocrx_word' id='word_1_130' title='bbox 224 836 269 875; x_wconf 87' lang='lat' dir='ltr'>llaec</span> <span class='ocrx_word' id='word_1_131' title='bbox 283 837 339 874; x_wconf 84' lang='lat' dir='ltr'>orarraia</span> <span class='ocrx_word' id='word_1_132' title='bbox 351 848 422 886; x_wconf 79' lang='lat' dir='ltr'>maginus</span> <span class='ocrx_word' id='word_1_133' title='bbox 436 837 492 886; x_wconf 79' lang='lat' dir='ltr'>opifer</span> <span class='ocrx_word' id='word_1_134' title='bbox 510 841 527 874; x_wconf 89' lang='lat' dir='ltr'>et</span> <span class='ocrx_word' id='word_1_135' title='bbox 545 836 619 875; x_wconf 90' lang='lat' dir='ltr'>omnium</span> <span class='ocrx_word' id='word_1_136' title='bbox 633 836 714 874; x_wconf 86' lang='lat' dir='ltr'>Donainus</span> <span class='ocrx_word' id='word_1_137' title='bbox 732 836 749 873; x_wconf 93' lang='lat' dir='ltr'>in</span> <span class='ocrx_word' id='word_1_138' title='bbox 770 847 809 873; x_wconf 85' lang='lat' dir='ltr'>cere·</span> 
     </span>
     <span class='ocr_line' id='line_1_15' title="bbox 75 891 809 943; baseline 0 -13"><span class='ocrx_word' id='word_1_139' title='bbox 75 891 133 930; x_wconf 78' lang='lat' dir='ltr'>ceratia</span> <span class='ocrx_word' id='word_1_140' title='bbox 148 898 165 930; x_wconf 86' lang='lat' dir='ltr'>et</span> <span class='ocrx_word' id='word_1_141' title='bbox 178 904 220 942; x_wconf 91' lang='lat' dir='ltr'>pace</span> <span class='ocrx_word' id='word_1_142' title='bbox 234 893 271 931; x_wconf 87' lang='lat' dir='ltr'>beri</span> <span class='ocrx_word' id='word_1_143' title='bbox 285 894 343 939; x_wconf 87' lang='lat' dir='ltr'>iussit,</span> <span class='ocrx_word' id='word_1_144' title='bbox 357 894 465 931; x_wconf 82' lang='lat' dir='ltr'>benelaeiens</span> <span class='ocrx_word' id='word_1_145' title='bbox 480 893 567 939; x_wconf 83' lang='lat' dir='ltr'>caranibns,</span> <span class='ocrx_word' id='word_1_146' title='bbox 581 893 740 943; x_wconf 82' lang='lat' dir='ltr'>superabundanter</span> <span class='ocrx_word' id='word_1_147' title='bbox 753 898 809 931; x_wconf 88' lang='lat' dir='ltr'>autem</span> 
     </span>
     <span class='ocr_line' id='line_1_16' title="bbox 73 948 809 1000; baseline 0 -14"><span class='ocrx_word' id='word_1_148' title='bbox 73 948 135 996; x_wconf 89' lang='lat' dir='ltr'>nobis,</span> <span class='ocrx_word' id='word_1_149' title='bbox 149 949 178 999; x_wconf 88' lang='lat' dir='ltr'>qui</span> <span class='ocrx_word' id='word_1_150' title='bbox 192 949 213 986; x_wconf 91' lang='lat' dir='ltr'>ad</span> <span class='ocrx_word' id='word_1_151' title='bbox 226 950 345 988; x_wconf 79' lang='lat' dir='ltr'>miserationes</span> <span class='ocrx_word' id='word_1_152' title='bbox 359 950 395 989; x_wconf 89' lang='lat' dir='ltr'>eins</span> <span class='ocrx_word' id='word_1_153' title='bbox 414 950 530 1000; x_wconf 82' lang='lat' dir='ltr'>confugimus,</span> <span class='ocrx_word' id='word_1_154' title='bbox 544 961 576 1000; x_wconf 89' lang='lat' dir='ltr'>per</span> <span class='ocrx_word' id='word_1_155' title='bbox 590 950 679 988; x_wconf 84' lang='lat' dir='ltr'>bominum</span> <span class='ocrx_word' id='word_1_156' title='bbox 692 948 748 987; x_wconf 90' lang='lat' dir='ltr'>Iesum</span> <span class='ocrx_word' id='word_1_157' title='bbox 763 948 809 987; x_wconf 82' lang='lat' dir='ltr'>nnn-</span> 
     </span>
     <span class='ocr_line' id='line_1_17' title="bbox 74 1007 659 1056; baseline 0 -12"><span class='ocrx_word' id='word_1_158' title='bbox 74 1011 127 1054; x_wconf 87' lang='lat' dir='ltr'>sturn,</span> <span class='ocrx_word' id='word_1_159' title='bbox 142 1007 170 1045; x_wconf 89' lang='lat' dir='ltr'>cui</span> <span class='ocrx_word' id='word_1_160' title='bbox 183 1007 237 1056; x_wconf 83' lang='lat' dir='ltr'>gloria</span> <span class='ocrx_word' id='word_1_161' title='bbox 250 1013 266 1045; x_wconf 91' lang='lat' dir='ltr'>et</span> <span class='ocrx_word' id='word_1_162' title='bbox 279 1007 358 1045; x_wconf 81' lang='lat' dir='ltr'>raaaiestas</span> <span class='ocrx_word' id='word_1_163' title='bbox 372 1008 390 1044; x_wconf 88' lang='lat' dir='ltr'>in</span> <span class='ocrx_word' id='word_1_164' title='bbox 403 1007 461 1045; x_wconf 91' lang='lat' dir='ltr'>secula</span> <span class='ocrx_word' id='word_1_165' title='bbox 474 1007 576 1045; x_wconf 88' lang='lat' dir='ltr'>seculorum.</span> <span class='ocrx_word' id='word_1_166' title='bbox 601 1008 659 1045; x_wconf 78' lang='lat' dir='ltr'>brnen.</span> 
     </span>
    </p>
   </div>
   <div class='ocr_carea' id='block_1_3' title="bbox 74 1132 808 1182">
    <p class='ocr_par' dir='ltr' id='par_1_3' title="bbox 74 1132 808 1182">
     <span class='ocr_line' id='line_1_18' title="bbox 74 1132 808 1182; baseline 0.001 -13"><span class='ocrx_word' id='word_1_167' title='bbox 74 1132 115 1170; x_wconf 82' lang='lat' dir='ltr'>nul.</span> <span class='ocrx_word' id='word_1_168' title='bbox 143 1133 280 1182; x_wconf 87' lang='lat' dir='ltr'>Obtemperemus</span> <span class='ocrx_word' id='word_1_169' title='bbox 293 1135 336 1178; x_wconf 84' lang='lat' dir='ltr'>Dee,</span> <span class='ocrx_word' id='word_1_170' title='bbox 350 1146 385 1172; x_wconf 81' lang='lat' dir='ltr'>aton</span> <span class='ocrx_word' id='word_1_171' title='bbox 398 1134 487 1172; x_wconf 82' lang='lat' dir='ltr'>seditionis</span> <span class='ocrx_word' id='word_1_172' title='bbox 500 1134 605 1180; x_wconf 79' lang='lat' dir='ltr'>electoribus,</span> <span class='ocrx_word' id='word_1_173' title='bbox 619 1145 640 1171; x_wconf 89' lang='lat' dir='ltr'>ne</span> <span class='ocrx_word' id='word_1_174' title='bbox 652 1134 746 1171; x_wconf 76' lang='lat' dir='ltr'>eeneaaneere</span> <span class='ocrx_word' id='word_1_175' title='bbox 758 1132 808 1170; x_wconf 82' lang='lat' dir='ltr'>iilius</span> 
     </span>
    </p>
   </div>
   <div class='ocr_carea' id='block_1_4' title="bbox 145 1210 736 1260">
    <p class='ocr_par' dir='ltr' id='par_1_4' title="bbox 145 1210 736 1260">
     <span class='ocr_line' id='line_1_19' title="bbox 145 1210 736 1260; baseline -0.007 -10"><span class='ocrx_word' id='word_1_176' title='bbox 145 1212 229 1260; x_wconf 76' lang='lat' dir='ltr'>bereepicin</span> <span class='ocrx_word' id='word_1_177' title='bbox 241 1213 290 1250; x_wconf 79' lang='lat' dir='ltr'>asebis</span> <span class='ocrx_word' id='word_1_178' title='bbox 303 1214 322 1249; x_wconf 85' lang='lat' dir='ltr'>in</span> <span class='ocrx_word' id='word_1_179' title='bbox 336 1213 494 1250; x_wconf 82' lang='lat' dir='ltr'>cornalenenete&#39;onena</span> <span class='ocrx_word' id='word_1_180' title='bbox 507 1214 573 1250; x_wconf 86' lang='lat' dir='ltr'>cedent.</span> <span class='ocrx_word' id='word_1_181' title='bbox 598 1210 736 1250; x_wconf 84' lang='lat' dir='ltr'>ddbestetienes.</span> 
     </span>
    </p>
   </div>
   <div class='ocr_carea' id='block_1_5' title="bbox 72 1299 850 2253">
    <p class='ocr_par' dir='ltr' id='par_1_5' title="bbox 72 1299 850 2253">
     <span class='ocr_line' id='line_1_20' title="bbox 126 1299 808 1349; baseline -0.001 -12"><span class='ocrx_word' id='word_1_182' title='bbox 126 1301 192 1346; x_wconf 85' lang='lat' dir='ltr'>Videte,</span> <span class='ocrx_word' id='word_1_183' title='bbox 207 1301 272 1348; x_wconf 90' lang='lat' dir='ltr'>dilecti,</span> <span class='ocrx_word' id='word_1_184' title='bbox 288 1313 309 1340; x_wconf 91' lang='lat' dir='ltr'>ne</span> <span class='ocrx_word' id='word_1_185' title='bbox 323 1300 406 1341; x_wconf 82' lang='lat' dir='ltr'>beneficia</span> <span class='ocrx_word' id='word_1_186' title='bbox 420 1302 466 1347; x_wconf 79' lang='lat' dir='ltr'>citas,</span> <span class='ocrx_word' id='word_1_187' title='bbox 481 1313 524 1349; x_wconf 93' lang='lat' dir='ltr'>quae</span> <span class='ocrx_word' id='word_1_188' title='bbox 537 1301 589 1339; x_wconf 80' lang='lat' dir='ltr'>inulta</span> <span class='ocrx_word' id='word_1_189' title='bbox 602 1305 651 1346; x_wconf 91' lang='lat' dir='ltr'>sunt,</span> <span class='ocrx_word' id='word_1_190' title='bbox 665 1299 715 1338; x_wconf 85' lang='lat' dir='ltr'>uobis</span> <span class='ocrx_word' id='word_1_191' title='bbox 730 1300 808 1338; x_wconf 79' lang='lat' dir='ltr'>primibus</span> 
     </span>
     <span class='ocr_line' id='line_1_21' title="bbox 73 1356 808 1406; baseline -0.001 -11"><span class='ocrx_word' id='word_1_192' title='bbox 73 1358 91 1396; x_wconf 92' lang='lat' dir='ltr'>in</span> <span class='ocrx_word' id='word_1_193' title='bbox 106 1356 264 1394; x_wconf 81' lang='lat' dir='ltr'>ecardornnationem</span> <span class='ocrx_word' id='word_1_194' title='bbox 278 1357 347 1403; x_wconf 90' lang='lat' dir='ltr'>cedant,</span> <span class='ocrx_word' id='word_1_195' title='bbox 361 1358 395 1396; x_wconf 88' lang='lat' dir='ltr'>nisi</span> <span class='ocrx_word' id='word_1_196' title='bbox 409 1357 459 1405; x_wconf 77' lang='lat' dir='ltr'>digne</span> <span class='ocrx_word' id='word_1_197' title='bbox 472 1357 501 1395; x_wconf 91' lang='lat' dir='ltr'>illo</span> <span class='ocrx_word' id='word_1_198' title='bbox 515 1357 589 1394; x_wconf 87' lang='lat' dir='ltr'>uiuentes</span> <span class='ocrx_word' id='word_1_199' title='bbox 605 1358 650 1394; x_wconf 79' lang='lat' dir='ltr'>laerta</span> <span class='ocrx_word' id='word_1_200' title='bbox 669 1361 686 1393; x_wconf 90' lang='lat' dir='ltr'>et</span> <span class='ocrx_word' id='word_1_201' title='bbox 703 1361 773 1406; x_wconf 90' lang='lat' dir='ltr'>accepta</span> <span class='ocrx_word' id='word_1_202' title='bbox 791 1357 808 1394; x_wconf 92' lang='lat' dir='ltr'>in</span> 
     </span>
     <span class='ocr_line' id='line_1_22' title="bbox 75 1411 808 1462; baseline -0.003 -10"><span class='ocrx_word' id='word_1_203' title='bbox 75 1419 168 1462; x_wconf 82' lang='lat' dir='ltr'>eearspeetu</span> <span class='ocrx_word' id='word_1_204' title='bbox 182 1412 218 1449; x_wconf 93' lang='lat' dir='ltr'>eins</span> <span class='ocrx_word' id='word_1_205' title='bbox 230 1424 268 1450; x_wconf 90' lang='lat' dir='ltr'>cum</span> <span class='ocrx_word' id='word_1_206' title='bbox 286 1414 379 1452; x_wconf 81' lang='lat' dir='ltr'>eorncordia</span> <span class='ocrx_word' id='word_1_207' title='bbox 397 1412 493 1450; x_wconf 81' lang='lat' dir='ltr'>fecerimus.</span> <span class='ocrx_word' id='word_1_208' title='bbox 518 1411 562 1449; x_wconf 86' lang='lat' dir='ltr'>Dicit</span> <span class='ocrx_word' id='word_1_209' title='bbox 580 1413 623 1449; x_wconf 92' lang='lat' dir='ltr'>euim</span> <span class='ocrx_word' id='word_1_210' title='bbox 645 1411 715 1449; x_wconf 89' lang='lat' dir='ltr'>alieubi:</span> <span class='ocrx_word' id='word_1_211' title='bbox 733 1413 808 1462; x_wconf 81' lang='lat' dir='ltr'>,spiritus</span> 
     </span>
     <span class='ocr_line' id='line_1_23' title="bbox 74 1466 808 1519; baseline 0 -11"><span class='ocrx_word' id='word_1_212' title='bbox 74 1470 140 1508; x_wconf 86' lang='lat' dir='ltr'>ltomini</span> <span class='ocrx_word' id='word_1_213' title='bbox 153 1470 222 1507; x_wconf 86' lang='lat' dir='ltr'>lucerna</span> <span class='ocrx_word' id='word_1_214' title='bbox 237 1475 314 1509; x_wconf 87' lang='lat' dir='ltr'>scrutans</span> <span class='ocrx_word' id='word_1_215' title='bbox 329 1482 408 1509; x_wconf 89' lang='lat' dir='ltr'>cavernas</span> <span class='ocrx_word' id='word_1_216' title='bbox 426 1466 502 1507; x_wconf 64' lang='lat' dir='ltr'>iventrisf</span> <span class='ocrx_word' id='word_1_217' title='bbox 529 1468 669 1514; x_wconf 82' lang='lat' dir='ltr'>Consideremus,</span> <span class='ocrx_word' id='word_1_218' title='bbox 686 1480 736 1518; x_wconf 81' lang='lat' dir='ltr'>squam</span> <span class='ocrx_word' id='word_1_219' title='bbox 753 1481 808 1519; x_wconf 90' lang='lat' dir='ltr'>prope</span> 
     </span>
     <span class='ocr_line' id='line_1_24' title="bbox 74 1525 808 1574; baseline 0 -11"><span class='ocrx_word' id='word_1_220' title='bbox 74 1528 104 1571; x_wconf 88' lang='lat' dir='ltr'>sit,</span> <span class='ocrx_word' id='word_1_221' title='bbox 119 1530 135 1563; x_wconf 86' lang='lat' dir='ltr'>et</span> <span class='ocrx_word' id='word_1_222' title='bbox 150 1526 195 1574; x_wconf 67' lang='lat' dir='ltr'>qaid</span> <span class='ocrx_word' id='word_1_223' title='bbox 214 1525 336 1574; x_wconf 77' lang='lat' dir='ltr'>cogitationum</span> <span class='ocrx_word' id='word_1_224' title='bbox 353 1531 451 1564; x_wconf 86' lang='lat' dir='ltr'>nostrarum</span> <span class='ocrx_word' id='word_1_225' title='bbox 469 1530 486 1563; x_wconf 89' lang='lat' dir='ltr'>et</span> <span class='ocrx_word' id='word_1_226' title='bbox 504 1525 638 1573; x_wconf 78' lang='lat' dir='ltr'>colloquiorum,</span> <span class='ocrx_word' id='word_1_227' title='bbox 658 1536 701 1574; x_wconf 92' lang='lat' dir='ltr'>quae</span> <span class='ocrx_word' id='word_1_228' title='bbox 720 1525 808 1572; x_wconf 89' lang='lat' dir='ltr'>habemus,</span> 
     </span>
     <span class='ocr_line' id='line_1_25' title="bbox 73 1580 808 1633; baseline -0.003 -13"><span class='ocrx_word' id='word_1_229' title='bbox 73 1580 115 1620; x_wconf 89' lang='lat' dir='ltr'>nihil</span> <span class='ocrx_word' id='word_1_230' title='bbox 130 1582 186 1632; x_wconf 90' lang='lat' dir='ltr'>ipsum</span> <span class='ocrx_word' id='word_1_231' title='bbox 200 1581 254 1619; x_wconf 88' lang='lat' dir='ltr'>lateat.</span> <span class='ocrx_word' id='word_1_232' title='bbox 281 1584 357 1633; x_wconf 77' lang='lat' dir='ltr'>Aequum</span> <span class='ocrx_word' id='word_1_233' title='bbox 372 1587 399 1620; x_wconf 90' lang='lat' dir='ltr'>cst</span> <span class='ocrx_word' id='word_1_234' title='bbox 412 1583 473 1632; x_wconf 79' lang='lat' dir='ltr'>igitur,</span> <span class='ocrx_word' id='word_1_235' title='bbox 487 1587 506 1619; x_wconf 90' lang='lat' dir='ltr'>nt</span> <span class='ocrx_word' id='word_1_236' title='bbox 519 1592 553 1619; x_wconf 83' lang='lat' dir='ltr'>nora</span> <span class='ocrx_word' id='word_1_237' title='bbox 572 1582 625 1618; x_wconf 84' lang='lat' dir='ltr'>sinam</span> <span class='ocrx_word' id='word_1_238' title='bbox 642 1580 740 1631; x_wconf 82' lang='lat' dir='ltr'>transfugae</span> <span class='ocrx_word' id='word_1_239' title='bbox 755 1593 764 1617; x_wconf 90' lang='lat' dir='ltr'>a</span> <span class='ocrx_word' id='word_1_240' title='bbox 780 1593 808 1618; x_wconf 85' lang='lat' dir='ltr'>ro·</span> 
     </span>
     <span class='ocr_line' id='line_1_26' title="bbox 72 1637 808 1688; baseline -0.001 -11"><span class='ocrx_word' id='word_1_241' title='bbox 72 1639 137 1677; x_wconf 90' lang='lat' dir='ltr'>luatate</span> <span class='ocrx_word' id='word_1_242' title='bbox 151 1639 193 1676; x_wconf 87' lang='lat' dir='ltr'>eins.</span> <span class='ocrx_word' id='word_1_243' title='bbox 221 1637 302 1678; x_wconf 87' lang='lat' dir='ltr'>Homines</span> <span class='ocrx_word' id='word_1_244' title='bbox 317 1639 377 1678; x_wconf 88' lang='lat' dir='ltr'>stultos</span> <span class='ocrx_word' id='word_1_245' title='bbox 392 1644 409 1677; x_wconf 90' lang='lat' dir='ltr'>et</span> <span class='ocrx_word' id='word_1_246' title='bbox 421 1638 532 1688; x_wconf 87' lang='lat' dir='ltr'>insipientes,</span> <span class='ocrx_word' id='word_1_247' title='bbox 547 1637 599 1676; x_wconf 90' lang='lat' dir='ltr'>elatos</span> <span class='ocrx_word' id='word_1_248' title='bbox 614 1642 631 1675; x_wconf 88' lang='lat' dir='ltr'>et</span> <span class='ocrx_word' id='word_1_249' title='bbox 643 1638 661 1675; x_wconf 90' lang='lat' dir='ltr'>in</span> <span class='ocrx_word' id='word_1_250' title='bbox 682 1638 767 1676; x_wconf 86' lang='lat' dir='ltr'>sermonis</span> <span class='ocrx_word' id='word_1_251' title='bbox 781 1640 808 1676; x_wconf 93' lang='lat' dir='ltr'>sui</span> 
     </span>
     <span class='ocr_line' id='line_1_27' title="bbox 73 1694 807 1746; baseline 0 -13"><span class='ocrx_word' id='word_1_252' title='bbox 73 1695 152 1733; x_wconf 85' lang='lat' dir='ltr'>iactantia</span> <span class='ocrx_word' id='word_1_253' title='bbox 172 1694 264 1743; x_wconf 77' lang='lat' dir='ltr'>gloriantes</span> <span class='ocrx_word' id='word_1_254' title='bbox 284 1696 341 1746; x_wconf 89' lang='lat' dir='ltr'>petius</span> <span class='ocrx_word' id='word_1_255' title='bbox 363 1707 412 1745; x_wconf 90' lang='lat' dir='ltr'>quam</span> <span class='ocrx_word' id='word_1_256' title='bbox 432 1695 484 1733; x_wconf 82' lang='lat' dir='ltr'>llenm</span> <span class='ocrx_word' id='word_1_257' title='bbox 507 1694 618 1732; x_wconf 79' lang='lat' dir='ltr'>offerrdam&#39;us.</span> <span class='ocrx_word' id='word_1_258' title='bbox 648 1695 737 1732; x_wconf 85' lang='lat' dir='ltr'>Doaainnm</span> <span class='ocrx_word' id='word_1_259' title='bbox 751 1694 807 1733; x_wconf 88' lang='lat' dir='ltr'>lesum</span> 
     </span>
     <span class='ocr_line' id='line_1_28' title="bbox 74 1750 808 1801; baseline -0.001 -12"><span class='ocrx_word' id='word_1_260' title='bbox 74 1752 169 1797; x_wconf 80' lang='lat' dir='ltr'>Christum,</span> <span class='ocrx_word' id='word_1_261' title='bbox 185 1750 233 1788; x_wconf 80' lang='lat' dir='ltr'>catius</span> <span class='ocrx_word' id='word_1_262' title='bbox 248 1753 316 1801; x_wconf 81' lang='lat' dir='ltr'>sanguis</span> <span class='ocrx_word' id='word_1_263' title='bbox 330 1764 362 1801; x_wconf 90' lang='lat' dir='ltr'>pro</span> <span class='ocrx_word' id='word_1_264' title='bbox 376 1751 425 1789; x_wconf 90' lang='lat' dir='ltr'>nobis</span> <span class='ocrx_word' id='word_1_265' title='bbox 440 1751 487 1788; x_wconf 79' lang='lat' dir='ltr'>(latus</span> <span class='ocrx_word' id='word_1_266' title='bbox 501 1754 535 1796; x_wconf 90' lang='lat' dir='ltr'>est,</span> <span class='ocrx_word' id='word_1_267' title='bbox 550 1751 577 1799; x_wconf 90' lang='lat' dir='ltr'>pie</span> <span class='ocrx_word' id='word_1_268' title='bbox 593 1761 703 1797; x_wconf 86' lang='lat' dir='ltr'>veneremur,</span> <span class='ocrx_word' id='word_1_269' title='bbox 720 1751 808 1800; x_wconf 88' lang='lat' dir='ltr'>praeposi·</span> 
     </span>
     <span class='ocr_line' id='line_1_29' title="bbox 73 1807 808 1854; baseline -0.001 -9"><span class='ocrx_word' id='word_1_270' title='bbox 73 1813 100 1846; x_wconf 88' lang='lat' dir='ltr'>tes</span> <span class='ocrx_word' id='word_1_271' title='bbox 114 1812 183 1845; x_wconf 89' lang='lat' dir='ltr'>nostros</span> <span class='ocrx_word' id='word_1_272' title='bbox 196 1818 313 1854; x_wconf 86' lang='lat' dir='ltr'>revercarnur,</span> <span class='ocrx_word' id='word_1_273' title='bbox 327 1809 405 1846; x_wconf 90' lang='lat' dir='ltr'>seniores</span> <span class='ocrx_word' id='word_1_274' title='bbox 419 1811 487 1845; x_wconf 89' lang='lat' dir='ltr'>nostros</span> <span class='ocrx_word' id='word_1_275' title='bbox 505 1808 618 1852; x_wconf 85' lang='lat' dir='ltr'>lionnremus,</span> <span class='ocrx_word' id='word_1_276' title='bbox 634 1807 704 1844; x_wconf 88' lang='lat' dir='ltr'>iuvenes</span> <span class='ocrx_word' id='word_1_277' title='bbox 721 1807 738 1844; x_wconf 94' lang='lat' dir='ltr'>in</span> <span class='ocrx_word' id='word_1_278' title='bbox 758 1807 808 1845; x_wconf 91' lang='lat' dir='ltr'>disci·</span> 
     </span>
     <span class='ocr_line' id='line_1_30' title="bbox 72 1862 808 1915; baseline -0.004 -13"><span class='ocrx_word' id='word_1_279' title='bbox 72 1865 119 1915; x_wconf 86' lang='lat' dir='ltr'>plina</span> <span class='ocrx_word' id='word_1_280' title='bbox 131 1864 196 1901; x_wconf 91' lang='lat' dir='ltr'>timoris</span> <span class='ocrx_word' id='word_1_281' title='bbox 210 1862 240 1900; x_wconf 84' lang='lat' dir='ltr'>Dei</span> <span class='ocrx_word' id='word_1_282' title='bbox 254 1866 360 1909; x_wconf 85' lang='lat' dir='ltr'>erudiamus,</span> <span class='ocrx_word' id='word_1_283' title='bbox 375 1874 437 1902; x_wconf 77' lang='lat' dir='ltr'>cruores</span> <span class='ocrx_word' id='word_1_284' title='bbox 451 1867 518 1900; x_wconf 87' lang='lat' dir='ltr'>nostras</span> <span class='ocrx_word' id='word_1_285' title='bbox 532 1862 583 1899; x_wconf 89' lang='lat' dir='ltr'>adid</span> <span class='ocrx_word' id='word_1_286' title='bbox 602 1863 648 1911; x_wconf 81' lang='lat' dir='ltr'>aprod</span> <span class='ocrx_word' id='word_1_287' title='bbox 661 1862 725 1900; x_wconf 89' lang='lat' dir='ltr'>benum</span> <span class='ocrx_word' id='word_1_288' title='bbox 739 1867 765 1900; x_wconf 88' lang='lat' dir='ltr'>est</span> <span class='ocrx_word' id='word_1_289' title='bbox 783 1863 808 1900; x_wconf 91' lang='lat' dir='ltr'>di·</span> 
     </span>
     <span class='ocr_line' id='line_1_31' title="bbox 73 1914 850 1970; baseline 0 -12"><span class='ocrx_word' id='word_1_290' title='bbox 73 1922 153 1970; x_wconf 78' lang='lat' dir='ltr'>rigamus.</span> <span class='ocrx_word' id='word_1_291' title='bbox 178 1920 262 1958; x_wconf 82' lang='lat' dir='ltr'>dnaabiles</span> <span class='ocrx_word' id='word_1_292' title='bbox 277 1921 357 1959; x_wconf 89' lang='lat' dir='ltr'>eastitatis</span> <span class='ocrx_word' id='word_1_293' title='bbox 377 1931 434 1958; x_wconf 84' lang='lat' dir='ltr'>ancras</span> <span class='ocrx_word' id='word_1_294' title='bbox 449 1919 547 1965; x_wconf 84' lang='lat' dir='ltr'>ostendant,</span> <span class='ocrx_word' id='word_1_295' title='bbox 561 1930 621 1968; x_wconf 88' lang='lat' dir='ltr'>puram</span> <span class='ocrx_word' id='word_1_296' title='bbox 635 1919 749 1956; x_wconf 84' lang='lat' dir='ltr'>etsineeram</span> <span class='ocrx_word' id='word_1_297' title='bbox 762 1931 808 1958; x_wconf 84' lang='lat' dir='ltr'>anan·</span> <span class='ocrx_word' id='word_1_298' title='bbox 848 1914 850 1917; x_wconf 64' lang='grc'><strong>’</strong></span> 
     </span>
     <span class='ocr_line' id='line_1_32' title="bbox 72 1975 808 2025; baseline -0.001 -9"><span class='ocrx_word' id='word_1_299' title='bbox 72 1977 168 2016; x_wconf 87' lang='lat' dir='ltr'>suetudinis</span> <span class='ocrx_word' id='word_1_300' title='bbox 181 1987 221 2015; x_wconf 86' lang='lat' dir='ltr'>suae</span> <span class='ocrx_word' id='word_1_301' title='bbox 235 1978 336 2016; x_wconf 87' lang='lat' dir='ltr'>veluntatem</span> <span class='ocrx_word' id='word_1_302' title='bbox 350 1977 472 2023; x_wconf 89' lang='lat' dir='ltr'>demonstrent,</span> <span class='ocrx_word' id='word_1_303' title='bbox 485 1976 552 2025; x_wconf 75' lang='lat' dir='ltr'>linguae</span> <span class='ocrx_word' id='word_1_304' title='bbox 567 1986 608 2012; x_wconf 88' lang='lat' dir='ltr'>suae</span> <span class='ocrx_word' id='word_1_305' title='bbox 620 1975 755 2013; x_wconf 85' lang='lat' dir='ltr'>moderationem</span> <span class='ocrx_word' id='word_1_306' title='bbox 767 1987 808 2015; x_wconf 63' lang='lat' dir='ltr'>sicce</span> 
     </span>
     <span class='ocr_line' id='line_1_33' title="bbox 73 2031 807 2081; baseline -0.001 -10"><span class='ocrx_word' id='word_1_307' title='bbox 73 2034 178 2071; x_wconf 88' lang='lat' dir='ltr'>manilestam</span> <span class='ocrx_word' id='word_1_308' title='bbox 192 2033 263 2080; x_wconf 81' lang='lat' dir='ltr'>iaciant,</span> <span class='ocrx_word' id='word_1_309' title='bbox 278 2035 377 2072; x_wconf 86' lang='lat' dir='ltr'>charitatem</span> <span class='ocrx_word' id='word_1_310' title='bbox 391 2045 438 2071; x_wconf 80' lang='lat' dir='ltr'>saram</span> <span class='ocrx_word' id='word_1_311' title='bbox 452 2034 488 2070; x_wconf 88' lang='lat' dir='ltr'>sine</span> <span class='ocrx_word' id='word_1_312' title='bbox 504 2042 619 2081; x_wconf 84' lang='lat' dir='ltr'>personarum</span> <span class='ocrx_word' id='word_1_313' title='bbox 637 2031 736 2081; x_wconf 86' lang='lat' dir='ltr'>acceptione</span> <span class='ocrx_word' id='word_1_314' title='bbox 755 2034 807 2070; x_wconf 89' lang='lat' dir='ltr'>omni-</span> 
     </span>
     <span class='ocr_line' id='line_1_34' title="bbox 73 2087 807 2140; baseline -0.003 -12"><span class='ocrx_word' id='word_1_315' title='bbox 73 2090 105 2129; x_wconf 90' lang='lat' dir='ltr'>bns</span> <span class='ocrx_word' id='word_1_316' title='bbox 119 2091 171 2127; x_wconf 81' lang='lat' dir='ltr'>besam</span> <span class='ocrx_word' id='word_1_317' title='bbox 184 2093 241 2126; x_wconf 90' lang='lat' dir='ltr'>sancte</span> <span class='ocrx_word' id='word_1_318' title='bbox 254 2091 352 2139; x_wconf 73' lang='lat' dir='ltr'>timentibus</span> <span class='ocrx_word' id='word_1_319' title='bbox 367 2088 453 2140; x_wconf 90' lang='lat' dir='ltr'>aequalem</span> <span class='ocrx_word' id='word_1_320' title='bbox 467 2087 562 2126; x_wconf 81' lang='lat' dir='ltr'>exhibeant.</span> <span class='ocrx_word' id='word_1_321' title='bbox 588 2087 645 2126; x_wconf 89' lang='lat' dir='ltr'>Liberi</span> <span class='ocrx_word' id='word_1_322' title='bbox 663 2088 715 2125; x_wconf 87' lang='lat' dir='ltr'>uestri</span> <span class='ocrx_word' id='word_1_323' title='bbox 733 2088 807 2138; x_wconf 89' lang='lat' dir='ltr'>discipli·</span> 
     </span>
     <span class='ocr_line' id='line_1_35' title="bbox 73 2144 807 2196; baseline -0.004 -12"><span class='ocrx_word' id='word_1_324' title='bbox 73 2158 104 2184; x_wconf 88' lang='lat' dir='ltr'>nae</span> <span class='ocrx_word' id='word_1_325' title='bbox 118 2146 180 2183; x_wconf 80' lang='lat' dir='ltr'>Christi</span> <span class='ocrx_word' id='word_1_326' title='bbox 194 2146 286 2196; x_wconf 80' lang='lat' dir='ltr'>participes</span> <span class='ocrx_word' id='word_1_327' title='bbox 301 2148 345 2194; x_wconf 81' lang='lat' dir='ltr'>sint3</span> <span class='ocrx_word' id='word_1_328' title='bbox 364 2148 430 2185; x_wconf 87' lang='lat' dir='ltr'>discant</span> <span class='ocrx_word' id='word_1_329' title='bbox 448 2151 533 2195; x_wconf 58' lang='lat' dir='ltr'>spirantum*</span> <span class='ocrx_word' id='word_1_330' title='bbox 548 2144 634 2182; x_wconf 83' lang='lat' dir='ltr'>laumilitas</span> <span class='ocrx_word' id='word_1_331' title='bbox 651 2144 696 2194; x_wconf 89' lang='lat' dir='ltr'>apud</span> <span class='ocrx_word' id='word_1_332' title='bbox 710 2145 767 2182; x_wconf 85' lang='lat' dir='ltr'>lteurn</span> <span class='ocrx_word' id='word_1_333' title='bbox 781 2157 807 2181; x_wconf 87' lang='lat' dir='ltr'>va-</span> 
     </span>
     <span class='ocr_line' id='line_1_36' title="bbox 73 2201 807 2253; baseline -0.005 -12"><span class='ocrx_word' id='word_1_334' title='bbox 73 2203 115 2248; x_wconf 86' lang='lat' dir='ltr'>lcat,</span> <span class='ocrx_word' id='word_1_335' title='bbox 130 2202 171 2251; x_wconf 83' lang='lat' dir='ltr'>qiud</span> <span class='ocrx_word' id='word_1_336' title='bbox 185 2209 232 2241; x_wconf 86' lang='lat' dir='ltr'>casta</span> <span class='ocrx_word' id='word_1_337' title='bbox 246 2204 319 2241; x_wconf 84' lang='lat' dir='ltr'>claaritas</span> <span class='ocrx_word' id='word_1_338' title='bbox 332 2204 376 2253; x_wconf 87' lang='lat' dir='ltr'>apud</span> <span class='ocrx_word' id='word_1_339' title='bbox 390 2204 441 2241; x_wconf 81' lang='lat' dir='ltr'>Beana</span> <span class='ocrx_word' id='word_1_340' title='bbox 458 2202 523 2252; x_wconf 90' lang='lat' dir='ltr'>pessit,</span> <span class='ocrx_word' id='word_1_341' title='bbox 542 2201 684 2250; x_wconf 88' lang='lat' dir='ltr'>quemadmodum</span> <span class='ocrx_word' id='word_1_342' title='bbox 702 2201 753 2239; x_wconf 86' lang='lat' dir='ltr'>timor</span> <span class='ocrx_word' id='word_1_343' title='bbox 771 2201 807 2239; x_wconf 91' lang='lat' dir='ltr'>eius</span> 
     </span>
    </p>
   </div>
   <div class='ocr_carea' id='block_1_6' title="bbox 72 2308 808 2905">
    <p class='ocr_par' dir='ltr' id='par_1_6' title="bbox 72 2308 808 2905">
     <span class='ocr_line' id='line_1_37' title="bbox 74 2308 807 2387; baseline -0.004 -42"><span class='ocrx_word' id='word_1_344' title='bbox 74 2312 161 2345; x_wconf 84' lang='lat' dir='ltr'>diiudicarit</span> <span class='ocrx_word' id='word_1_345' title='bbox 182 2312 243 2353; x_wconf 88' lang='lat' dir='ltr'>Lipsius</span> <span class='ocrx_word' id='word_1_346' title='bbox 267 2323 282 2354; x_wconf 68' lang='lat' dir='ltr'>p,</span> <span class='ocrx_word' id='word_1_347' title='bbox 307 2312 342 2346; x_wconf 85' lang='lat' dir='ltr'>tar.</span> <span class='ocrx_word' id='word_1_348' title='bbox 368 2317 399 2345; x_wconf 90' lang='lat' dir='ltr'>not.</span> <span class='ocrx_word' id='word_1_349' title='bbox 415 2311 430 2344; x_wconf 83' lang='grc'>3.</span> <span class='ocrx_word' id='word_1_350' title='bbox 452 2310 496 2387; x_wconf 57' lang='lat' dir='ltr'>{tiana</span> <span class='ocrx_word' id='word_1_351' title='bbox 510 2309 525 2341; x_wconf 90' lang='lat' dir='ltr'>ia</span> <span class='ocrx_word' id='word_1_352' title='bbox 544 2309 573 2342; x_wconf 91' lang='lat' dir='ltr'>boc</span> <span class='ocrx_word' id='word_1_353' title='bbox 592 2309 663 2342; x_wconf 80' lang='lat' dir='ltr'>imitatur.</span> <span class='ocrx_word' id='word_1_354' title='bbox 686 2309 728 2341; x_wconf 87' lang='lat' dir='ltr'>Rom.</span> <span class='ocrx_word' id='word_1_355' title='bbox 742 2308 769 2348; x_wconf 88' lang='lat'>11,</span> <span class='ocrx_word' id='word_1_356' title='bbox 782 2308 807 2342; x_wconf 78' lang='lat' dir='ltr'>ab</span> 
     </span>
     <span class='ocr_line' id='line_1_38' title="bbox 74 2355 594 2398; baseline -0.006 -9"><span class='ocrx_word' id='word_1_357' title='bbox 74 2357 83 2390; x_wconf 93' lang='grc'>1,</span> <span class='ocrx_word' id='word_1_358' title='bbox 107 2367 119 2390; x_wconf 85' lang='lat' dir='ltr'>c.</span> <span class='ocrx_word' id='word_1_359' title='bbox 465 2355 539 2398; x_wconf 65' lang='lat' dir='ltr'>laabpoc,</span> <span class='ocrx_word' id='word_1_360' title='bbox 553 2355 566 2395; x_wconf 82' lang='lat' dir='ltr'>t,</span> <span class='ocrx_word' id='word_1_361' title='bbox 579 2355 594 2388; x_wconf 83' lang='lat'>6.</span> 
     </span>
     <span class='ocr_line' id='line_1_39' title="bbox 104 2396 807 2444; baseline -0.004 -9"><span class='ocrx_word' id='word_1_362' title='bbox 104 2402 176 2444; x_wconf 71' lang='lat' dir='ltr'>apuam</span> <span class='ocrx_word' id='word_1_363' title='bbox 196 2403 234 2436; x_wconf 78' lang='lat' dir='ltr'>cerri.</span> <span class='ocrx_word' id='word_1_364' title='bbox 265 2401 320 2437; x_wconf 76' lang='grc' dir='ltr'><em>αὐτοῦ</em></span> <span class='ocrx_word' id='word_1_365' title='bbox 344 2413 366 2437; x_wconf 83' lang='lat' dir='ltr'>sa.</span> <span class='ocrx_word' id='word_1_366' title='bbox 387 2396 430 2437; x_wconf 76' lang='lat' dir='ltr'>eici</span> <span class='ocrx_word' id='word_1_367' title='bbox 484 2400 565 2443; x_wconf 55' lang='lat' dir='ltr'>capuana.</span> <span class='ocrx_word' id='word_1_368' title='bbox 592 2400 663 2444; x_wconf 67' lang='lat' dir='ltr'>leror,</span> <span class='ocrx_word' id='word_1_369' title='bbox 676 2400 807 2441; x_wconf 60' lang='grc'>2112111116-</span> 
     </span>
     <span class='ocr_line' id='line_1_40' title="bbox 74 2446 806 2488; baseline -0.005 -7"><span class='ocrx_word' id='word_1_370' title='bbox 74 2448 91 2481; x_wconf 81' lang='lat' dir='ltr'>ll.</span> <span class='ocrx_word' id='word_1_371' title='bbox 103 2448 126 2482; x_wconf 90' lang='lat' dir='ltr'>ed.</span> <span class='ocrx_word' id='word_1_372' title='bbox 137 2447 159 2480; x_wconf 91' lang='grc'>11.</span> <span class='ocrx_word' id='word_1_373' title='bbox 451 2446 499 2479; x_wconf 78' lang='lat' dir='ltr'>rasoria</span> <span class='ocrx_word' id='word_1_374' title='bbox 517 2446 598 2487; x_wconf 83' lang='lat' dir='ltr'>prolatum.</span> <span class='ocrx_word' id='word_1_375' title='bbox 620 2447 662 2479; x_wconf 87' lang='lat' dir='ltr'>Haec</span> <span class='ocrx_word' id='word_1_376' title='bbox 680 2451 695 2479; x_wconf 90' lang='lat' dir='ltr'>ct</span> <span class='ocrx_word' id='word_1_377' title='bbox 707 2456 741 2488; x_wconf 89' lang='lat' dir='ltr'>sqq.</span> <span class='ocrx_word' id='word_1_378' title='bbox 758 2455 806 2487; x_wconf 90' lang='lat' dir='ltr'>usque</span> 
     </span>
     <span class='ocr_line' id='line_1_41' title="bbox 104 2489 806 2537; baseline -0.009 -10"><span class='ocrx_word' id='word_1_379' title='bbox 104 2495 121 2537; x_wconf 78' lang='grc'>4)</span> <span class='ocrx_word' id='word_1_380' title='bbox 133 2493 169 2526; x_wconf 89' lang='lat' dir='ltr'>Gen.</span> <span class='ocrx_word' id='word_1_381' title='bbox 182 2495 195 2534; x_wconf 85' lang='lat' dir='ltr'>t,</span> <span class='ocrx_word' id='word_1_382' title='bbox 207 2494 221 2527; x_wconf 83' lang='lat' dir='ltr'>e.</span> <span class='ocrx_word' id='word_1_383' title='bbox 452 2492 471 2525; x_wconf 91' lang='lat' dir='ltr'>ad</span> <span class='ocrx_word' id='word_1_384' title='bbox 488 2493 532 2525; x_wconf 84' lang='lat' dir='ltr'>duem</span> <span class='ocrx_word' id='word_1_385' title='bbox 548 2503 560 2525; x_wconf 70' lang='lat' dir='ltr'>c,</span> <span class='ocrx_word' id='word_1_386' title='bbox 572 2492 597 2525; x_wconf 83' lang='lat'>22.</span> <span class='ocrx_word' id='word_1_387' title='bbox 612 2492 641 2525; x_wconf 86' lang='lat' dir='ltr'>leri</span> <span class='ocrx_word' id='word_1_388' title='bbox 657 2501 689 2524; x_wconf 90' lang='lat' dir='ltr'>cum</span> <span class='ocrx_word' id='word_1_389' title='bbox 706 2489 806 2531; x_wconf 83' lang='lat' dir='ltr'>discrepantia</span> 
     </span>
     <span class='ocr_line' id='line_1_42' title="bbox 105 2535 805 2583; baseline -0.007 -10"><span class='ocrx_word' id='word_1_390' title='bbox 105 2540 121 2583; x_wconf 78' lang='lat' dir='ltr'>b}</span> <span class='ocrx_word' id='word_1_391' title='bbox 132 2540 163 2573; x_wconf 87' lang='lat' dir='ltr'>leb.</span> <span class='ocrx_word' id='word_1_392' title='bbox 174 2539 199 2581; x_wconf 75' lang='lat'>38,</span> <span class='ocrx_word' id='word_1_393' title='bbox 213 2540 236 2573; x_wconf 85' lang='grc'><strong>111,</strong></span> <span class='ocrx_word' id='word_1_394' title='bbox 248 2540 273 2572; x_wconf 82' lang='lat' dir='ltr'>Ps.</span> <span class='ocrx_word' id='word_1_395' title='bbox 286 2540 320 2580; x_wconf 78' lang='lat' dir='ltr'>tta,</span> <span class='ocrx_word' id='word_1_396' title='bbox 333 2541 347 2574; x_wconf 80' lang='grc'>9.</span> <span class='ocrx_word' id='word_1_397' title='bbox 451 2538 533 2572; x_wconf 84' lang='lat' dir='ltr'>recitantur</span> <span class='ocrx_word' id='word_1_398' title='bbox 550 2537 615 2572; x_wconf 80' lang='lat' dir='ltr'>aClenn</span> <span class='ocrx_word' id='word_1_399' title='bbox 626 2538 666 2570; x_wconf 77' lang='lat' dir='ltr'>ulcu.</span> <span class='ocrx_word' id='word_1_400' title='bbox 679 2537 733 2569; x_wconf 83' lang='lat' dir='ltr'>Strom.</span> <span class='ocrx_word' id='word_1_401' title='bbox 745 2535 768 2575; x_wconf 75' lang='lat' dir='ltr'>ll&#39;,</span> <span class='ocrx_word' id='word_1_402' title='bbox 781 2535 805 2568; x_wconf 75' lang='lat' dir='ltr'>tl.</span> 
     </span>
     <span class='ocr_line' id='line_1_43' title="bbox 104 2584 516 2628; baseline -0.002 -9"><span class='ocrx_word' id='word_1_403' title='bbox 104 2586 121 2628; x_wconf 75' lang='lat' dir='ltr'>b)</span> <span class='ocrx_word' id='word_1_404' title='bbox 132 2586 164 2618; x_wconf 73' lang='lat' dir='ltr'>lob,</span> <span class='ocrx_word' id='word_1_405' title='bbox 175 2585 200 2625; x_wconf 84' lang='lat'>38,</span> <span class='ocrx_word' id='word_1_406' title='bbox 212 2584 243 2617; x_wconf 60' lang='lat' dir='ltr'>tti-</span> <span class='ocrx_word' id='word_1_407' title='bbox 302 2621 304 2626; x_wconf 52' lang='grc'><em>,</em></span> <span class='ocrx_word' id='word_1_408' title='bbox 453 2586 516 2626; x_wconf 81' lang='lat' dir='ltr'>pbll.</span> 
     </span>
     <span class='ocr_line' id='line_1_44' title="bbox 104 2625 718 2674; baseline -0.01 -10"><span class='ocrx_word' id='word_1_409' title='bbox 104 2633 121 2674; x_wconf 82' lang='grc'>1)</span> <span class='ocrx_word' id='word_1_410' title='bbox 134 2630 179 2664; x_wconf 81' lang='lat' dir='ltr'>Clem.</span> <span class='ocrx_word' id='word_1_411' title='bbox 190 2631 230 2663; x_wconf 81' lang='lat' dir='ltr'>bien.</span> <span class='ocrx_word' id='word_1_412' title='bbox 242 2630 297 2664; x_wconf 87' lang='lat' dir='ltr'>Strom.</span> <span class='ocrx_word' id='word_1_413' title='bbox 309 2631 324 2673; x_wconf 80' lang='lat' dir='ltr'>V,</span> <span class='ocrx_word' id='word_1_414' title='bbox 334 2631 357 2665; x_wconf 68' lang='lat' dir='ltr'>ll,</span> <span class='ocrx_word' id='word_1_415' title='bbox 370 2642 384 2674; x_wconf 83' lang='lat' dir='ltr'>p.</span> <span class='ocrx_word' id='word_1_416' title='bbox 392 2631 427 2665; x_wconf 79' lang='grc'>693.</span> <span class='ocrx_word' id='word_1_417' title='bbox 481 2629 497 2672; x_wconf 78' lang='grc'>2)</span> <span class='ocrx_word' id='word_1_418' title='bbox 510 2629 539 2663; x_wconf 84' lang='lat' dir='ltr'>Cir.</span> <span class='ocrx_word' id='word_1_419' title='bbox 552 2627 612 2671; x_wconf 87' lang='lat' dir='ltr'>Lipsius</span> <span class='ocrx_word' id='word_1_420' title='bbox 623 2627 632 2660; x_wconf 63' lang='lat' dir='ltr'>l,</span> <span class='ocrx_word' id='word_1_421' title='bbox 645 2636 657 2659; x_wconf 88' lang='lat' dir='ltr'>e.</span> <span class='ocrx_word' id='word_1_422' title='bbox 669 2636 685 2668; x_wconf 89' lang='lat' dir='ltr'>p.</span> <span class='ocrx_word' id='word_1_423' title='bbox 694 2625 718 2660; x_wconf 81' lang='lat'>28.</span> 
     </span>
     <span class='ocr_line' id='line_1_45' title="bbox 105 2672 808 2722; baseline -0.004 -11"><span class='ocrx_word' id='word_1_424' title='bbox 105 2678 122 2719; x_wconf 79' lang='lat' dir='ltr'>S)</span> <span class='ocrx_word' id='word_1_425' title='bbox 135 2679 151 2711; x_wconf 91' lang='lat' dir='ltr'>L.</span> <span class='ocrx_word' id='word_1_426' title='bbox 173 2675 267 2720; x_wconf 60' lang='lat' dir='ltr'>{mirapeis</span> <span class='ocrx_word' id='word_1_427' title='bbox 287 2676 309 2709; x_wconf 84' lang='lat' dir='ltr'>rel</span> <span class='ocrx_word' id='word_1_428' title='bbox 335 2674 429 2722; x_wconf 71' lang='lat' dir='ltr'>dertznyoir</span> <span class='ocrx_word' id='word_1_429' title='bbox 482 2675 498 2717; x_wconf 83' lang='grc'>3)</span> <span class='ocrx_word' id='word_1_430' title='bbox 511 2676 540 2708; x_wconf 78' lang='lat' dir='ltr'>Cir.</span> <span class='ocrx_word' id='word_1_431' title='bbox 557 2675 584 2715; x_wconf 84' lang='lat' dir='ltr'>Ep.</span> <span class='ocrx_word' id='word_1_432' title='bbox 595 2672 675 2713; x_wconf 78' lang='lat' dir='ltr'>ealrearpi</span> <span class='ocrx_word' id='word_1_433' title='bbox 689 2672 708 2705; x_wconf 92' lang='lat' dir='ltr'>ad</span> <span class='ocrx_word' id='word_1_434' title='bbox 719 2672 757 2706; x_wconf 85' lang='lat' dir='ltr'>Plsil.</span> <span class='ocrx_word' id='word_1_435' title='bbox 769 2684 781 2707; x_wconf 83' lang='lat' dir='ltr'>c.</span> <span class='ocrx_word' id='word_1_436' title='bbox 792 2674 808 2709; x_wconf 79' lang='lat'>4.</span> 
     </span>
     <span class='ocr_line' id='line_1_46' title="bbox 72 2717 806 2766; baseline -0.004 -10"><span class='ocrx_word' id='word_1_437' title='bbox 72 2725 103 2757; x_wconf 92' lang='lat' dir='ltr'>lun.</span> <span class='ocrx_word' id='word_1_438' title='bbox 115 2724 153 2757; x_wconf 82' lang='lat' dir='ltr'>Feli.</span> <span class='ocrx_word' id='word_1_439' title='bbox 482 2722 499 2766; x_wconf 82' lang='grc'>4)</span> <span class='ocrx_word' id='word_1_440' title='bbox 511 2722 588 2753; x_wconf 88' lang='lat' dir='ltr'>Praestare</span> <span class='ocrx_word' id='word_1_441' title='bbox 599 2717 658 2750; x_wconf 81' lang='lat' dir='ltr'>ridetur</span> <span class='ocrx_word' id='word_1_442' title='bbox 669 2717 715 2751; x_wconf 83' lang='lat' dir='ltr'>Clem.</span> <span class='ocrx_word' id='word_1_443' title='bbox 722 2718 763 2753; x_wconf 76' lang='lat' dir='ltr'>bles.</span> <span class='ocrx_word' id='word_1_444' title='bbox 775 2717 806 2753; x_wconf 74' lang='lat' dir='ltr'>ded</span> 
     </span>
     <span class='ocr_line' id='line_1_47' title="bbox 104 2763 806 2814; baseline -0.006 -11"><span class='ocrx_word' id='word_1_445' title='bbox 104 2769 121 2814; x_wconf 81' lang='lat'>9]</span> <span class='ocrx_word' id='word_1_446' title='bbox 133 2769 195 2802; x_wconf 87' lang='lat' dir='ltr'>Paulum</span> <span class='ocrx_word' id='word_1_447' title='bbox 205 2767 231 2809; x_wconf 81' lang='lat' dir='ltr'>dp.</span> <span class='ocrx_word' id='word_1_448' title='bbox 242 2776 273 2799; x_wconf 89' lang='lat' dir='ltr'>non</span> <span class='ocrx_word' id='word_1_449' title='bbox 285 2766 334 2800; x_wconf 88' lang='lat' dir='ltr'>solnm</span> <span class='ocrx_word' id='word_1_450' title='bbox 348 2767 363 2800; x_wconf 90' lang='lat' dir='ltr'>ia</span> <span class='ocrx_word' id='word_1_451' title='bbox 379 2768 428 2808; x_wconf 87' lang='lat' dir='ltr'>finem,</span> <span class='ocrx_word' id='word_1_452' title='bbox 450 2770 480 2811; x_wconf 71' lang='grc' dir='ltr'>τῆς</span> <span class='ocrx_word' id='word_1_453' title='bbox 491 2767 544 2810; x_wconf 67' lang='grc' dir='ltr'>σιγῆςΔ</span> <span class='ocrx_word' id='word_1_454' title='bbox 567 2764 667 2805; x_wconf 77' lang='lat' dir='ltr'>Conspescant</span> <span class='ocrx_word' id='word_1_455' title='bbox 683 2763 749 2807; x_wconf 79' lang='lat' dir='ltr'>linguam</span> <span class='ocrx_word' id='word_1_456' title='bbox 763 2776 806 2799; x_wconf 87' lang='lat' dir='ltr'>suam</span> 
     </span>
     <span class='ocr_line' id='line_1_48' title="bbox 72 2812 523 2856; baseline -0.009 -9"><span class='ocrx_word' id='word_1_457' title='bbox 72 2816 99 2848; x_wconf 90' lang='lat' dir='ltr'>sed</span> <span class='ocrx_word' id='word_1_458' title='bbox 115 2817 129 2848; x_wconf 90' lang='lat' dir='ltr'>in</span> <span class='ocrx_word' id='word_1_459' title='bbox 144 2814 220 2849; x_wconf 72' lang='lat' dir='ltr'>exordium</span> <span class='ocrx_word' id='word_1_460' title='bbox 235 2822 252 2845; x_wconf 92' lang='lat' dir='ltr'>ac</span> <span class='ocrx_word' id='word_1_461' title='bbox 267 2812 333 2845; x_wconf 87' lang='lat' dir='ltr'>medinm</span> <span class='ocrx_word' id='word_1_462' title='bbox 343 2813 382 2856; x_wconf 86' lang='lat' dir='ltr'>Epp.</span> <span class='ocrx_word' id='word_1_463' title='bbox 394 2823 429 2845; x_wconf 87' lang='lat' dir='ltr'>sua-</span> <span class='ocrx_word' id='word_1_464' title='bbox 449 2813 523 2847; x_wconf 84' lang='lat' dir='ltr'>rniriicres.</span> 
     </span>
     <span class='ocr_line' id='line_1_49' title="bbox 72 2854 673 2905; baseline -0.01 -11"><span class='ocrx_word' id='word_1_465' title='bbox 72 2871 105 2896; x_wconf 86' lang='lat' dir='ltr'>rum</span> <span class='ocrx_word' id='word_1_466' title='bbox 117 2859 219 2905; x_wconf 60' lang='lat' dir='ltr'>doleiepe&#39;nv</span> <span class='ocrx_word' id='word_1_467' title='bbox 231 2858 359 2901; x_wconf 70' lang='lat' dir='ltr'>introducentem,</span> <span class='ocrx_word' id='word_1_468' title='bbox 376 2863 433 2891; x_wconf 83' lang='lat' dir='ltr'>noster.</span> <span class='ocrx_word' id='word_1_469' title='bbox 482 2859 498 2901; x_wconf 82' lang='lat'>5)</span> <span class='ocrx_word' id='word_1_470' title='bbox 510 2856 539 2888; x_wconf 82' lang='lat' dir='ltr'>Cir.</span> <span class='ocrx_word' id='word_1_471' title='bbox 552 2855 559 2888; x_wconf 86' lang='lat'>1</span> <span class='ocrx_word' id='word_1_472' title='bbox 572 2854 610 2888; x_wconf 88' lang='lat' dir='ltr'>Tim.</span> <span class='ocrx_word' id='word_1_473' title='bbox 622 2855 636 2896; x_wconf 81' lang='lat'>5,</span> <span class='ocrx_word' id='word_1_474' title='bbox 648 2854 673 2891; x_wconf 83' lang='lat'>21.</span> 
     </span>
    </p>
   </div>
   <div class='ocr_carea' id='block_1_7' title="bbox 0 0 902 3076">
    <p class='ocr_par' dir='ltr' id='par_1_7' title="bbox 0 0 902 3076">
     <span class='ocr_line' id='line_1_50' title="bbox 0 0 902 3076; baseline 0 1"><span class='ocrx_word' id='word_1_475' title='bbox 0 0 902 3076; x_wconf 95' lang='lat' dir='ltr'> </span> 
     </span>
    </p>
   </div>
  </div>
 </body>
</html>
