1793 3076
271 41 395 80 vvnnvvmun
408 42 426 81 s.
439 42 521 82 nouam.
540 42 574 80 vu.
599 93 601 96 Ι
635 26 636 30 ’
759 35 797 78 217

60 158 81 196 de
95 155 125 199 iis,
139 164 182 202 atavae
195 153 239 192 lacta
252 154 325 200 lucrant,
339 160 395 193 certos
409 155 482 198 facerat,
495 167 572 194 essemus
585 157 660 206 precati,
675 167 694 193 uo
707 153 794 205 vvuulvvlum
816 149 821 155 “

60 209 216 257 obdormissemns3
235 211 262 248 alii
271 211 326 248 statim
335 211 429 249 adstantem
439 223 477 248 etun
490 222 556 260 nosque
566 213 706 263 complectentem
716 211 795 258 vidimus,

61 270 87 307 vlil
95 279 155 305 vtvvsns
165 267 253 316 pronubis
262 272 338 305 orantem
346 267 503 316 licatmnlgnatiunv
511 269 635 318 conspeximus,
644 271 671 308 alii
680 281 720 307 veno
730 268 794 307 sudore

60 325 155 368 stillantem,
169 328 248 371 tanquam
262 336 272 359 a
285 323 337 360 multo
350 323 408 360 lahovc
422 323 539 359 advenientem
553 330 602 372 atque
617 327 709 363 adstantem
717 325 794 363 Domino.

61 384 101 421 Cum
115 391 156 428 crgo
170 379 222 417 multo
238 391 276 416 euin
288 378 350 427 gaudio
364 379 396 416 ista
410 379 522 423 vidissemus,
542 384 559 417 et
570 381 675 420 somniorum
687 382 723 420 visa
737 387 795 420 contu·

61 439 150 480 lissemus,
170 434 223 472 Deum
241 435 318 472 datorem
336 434 421 472 bonorum
435 434 549 480 laudavimus,
567 441 644 473 sanetum
660 437 714 473 viuum
728 435 795 474 beatum

60 491 203 545 praedicavimus,
217 490 265 528 volvis
280 495 296 528 at
311 490 355 528 diem
368 495 385 528 el
398 496 465 541 tenipus
480 489 617 540 significavimus,
631 497 650 530 ut
661 497 740 541 ¹tempore
752 504 795 530 mav-

62 550 100 600 tvvii
114 549 150 586 cius
165 548 286 586 convcvvientcs
304 548 441 586 communionem
454 553 530 585 nostram
548 548 660 588 testificentur
678 562 717 587 cunt
736 548 797 587 athleta

61 613 77 646 ot
91 616 176 656 generoso
189 610 263 655 martyre
278 604 349 651 illinisti,
370 605 399 654 qui
416 604 522 643 conculcavit
540 604 625 643 diabolum
640 611 657 644 et
671 605 752 644 desiderii
765 606 797 652 sui,

62 676 82 702 eu
98 673 156 700 amove
174 662 237 699 Christi
255 661 338 711 profecti,
357 673 425 699 cuvsum
445 661 526 711 explevit,
543 661 560 698 in
576 661 643 701 levisto
657 662 705 709 lesu,
726 661 796 701 llonvino

61 725 132 766 nostvc,
150 730 181 769 per
195 730 246 768 claein
260 724 277 757 ct
291 730 329 756 oum
343 730 376 768 aluo
391 719 436 757 Patvi
449 719 472 756 sit
485 718 539 769 glovia
553 723 570 756 et
583 720 659 768 potentia
679 731 718 758 cuvn
732 718 798 768 Spiritu

62 781 125 820 sancto,
140 776 158 812 in
172 776 233 813 secula.
260 774 322 812 Avvicnl

64 877 194 884 ———--.

96 931 112 973 5)
129 932 174 964 letus
197 930 224 963 lut.
245 930 295 963 Caieu.
313 940 345 963 tvvm
364 930 420 972 Spiritu
441 932 510 964 colonum.
523 927 652 978 Απιωιεέντῇ
664 929 809 978 ἁγίᾳέκκλησίᾳ·

62 979 122 1020 Svauclo,
135 978 152 1010 ln
163 980 214 1010 ooucto
226 977 292 1011 Ecclesia
302 977 318 1009 ivt
332 977 382 1009 accido
397 986 421 1008 se·
443 976 469 1016 εἰς
480 973 520 1015 τοὺς
532 976 598 1015 αἰῶνας
609 978 646 1012 τῶν
656 975 731 1014 αἰώνων.
