1793 3076
216 45 294 85 lababat
307 50 408 89 EPISTULA
422 51 447 88 ab
462 49 609 89 POLYOARPUll,
628 49 639 86 l.
752 44 788 84 lOO

281 213 314 246 au
338 204 561 247 eoerrcanruu.

101 287 192 337 ιΙςιιειιιιιι,
211 289 240 339 qrri
254 296 271 328 et
284 292 406 341 Tlrooplror‘us,
421 289 522 339 Polycarpo
537 290 619 339 episcopo
633 290 716 329 ecclesiae
731 291 787 342 Stupr-

134 357 221 392 naeorum,
236 347 264 395 [pri
278 347 314 398 ipse
328 349 384 398 potius
399 348 499 398 episcopum
513 346 564 384 babet
578 345 630 384 lleum
648 352 713 395 patrem
727 353 744 386 et
757 349 789 386 bo-

134 401 198 439 minum
213 402 268 440 lesum
284 404 373 457 Christum,
387 404 477 454 plurimam
490 402 567 461 salutem.

240 486 345 524 *EPISTULA
358 490 428 524 lGNlel
440 489 462 522 bl)
475 487 604 522 nonnullarum.

108 554 206 609 *lgrrattius
226 562 255 611 qui
274 568 291 600 et
311 564 432 614 Tlreopborus,
452 561 548 612 Polycarpo
572 561 659 598 Ecclesiae
681 560 789 611 Srnprnnensis

133 617 227 667 Episcopo,
246 619 272 656 rel
291 621 347 669 potius
367 620 398 658 sub
412 620 497 669 Episcopo
512 619 546 656 lieo
566 618 615 656 Patre
634 623 651 656 et
664 618 734 656 Domino
751 620 789 656 lesu

135 674 211 720 Olaristo,
226 675 294 713 salntem
309 678 403 726 plurimam.

308 767 321 806 l.
348 767 397 805 Lotis
411 771 426 803 et
439 764 542 803 adhortatio.

108 841 154 878 Piam
167 847 240 880 mentem
254 848 303 891 tuam,
317 844 364 882 veuit
377 855 429 894 supra
443 847 508 892 petram
521 842 624 880 immobilem
638 841 728 889 fundatam,
744 854 789 880 corrr-

56 897 139 946 probans,
159 900 228 936 sunrinis
243 901 295 938 arelao
308 902 395 947 laudibus,
413 899 459 949 spraud
473 900 534 948 dignus
553 900 585 937 sim
604 898 671 935 babitus
686 904 743 936 sancta
761 904 790 936 tua

57 953 105 1000 l'acie,
120 966 153 1003 qua
166 956 228 993 utinam
243 968 310 1007 semper
325 958 358 996 tau
371 957 437 1007 possim
451 957 467 994 in
481 957 522 994 ileo.
550 955 625 994 Obsecro
641 960 656 993 tc
670 967 701 1004 per
714 955 789 1004 gratiam,

57 1022 90 1060 qua
108 1011 175 1049 imlutus
190 1024 217 1058 es,
236 1019 254 1050 ut
275 1025 336 1064 arrgeas
351 1026 420 1052 cursum
434 1018 486 1059 terrim,
501 1024 595 1062 errantesque
609 1012 711 1057 adhorteris,
724 1018 743 1049 ut
757 1012 790 1048 sal-

55 1072 120 1105 ventur.
138 1067 212 1106 Delerrde
226 1069 282 1108 locum
295 1077 343 1109 terrun
357 1071 373 1109 iu
388 1070 434 1108 cirini
448 1082 488 1107 cura
502 1070 565 1107 carnali
580 1074 597 1107 ot
610 1067 698 1118 spirituali.
718 1067 788 1106 Unitatis

58 1134 115 1161 cernam
129 1123 178 1169 habe,
193 1136 226 1173 qna
238 1125 281 1163 nibil
294 1126 360 1164 inelius.
388 1126 449 1164 Omnes
462 1124 525 1175 perfer,
538 1130 557 1163 ut
571 1130 587 1163 et
601 1128 617 1163 te
630 1123 789 1174 perlcrtllominus.

58 1179 119 1217 Omnes
128 1181 182 1217 tolera
191 1181 207 1217 in
222 1183 307 1228 charitate,
323 1185 367 1220 sicut
376 1189 393 1219 et
402 1183 450 1219 tacis.
469 1183 551 1219 Precilius
559 1193 600 1218 raca
608 1181 708 1230 perpetuis
720 1180 790 1218 Postula

56 1236 154 1284 sapientiam
169 1237 250 1275 rinaiorern
265 1250 315 1286 ueram
329 1239 387 1276 babos.
415 1238 478 1286 Vigila,
493 1238 588 1276 insomnem
601 1237 679 1285 spiritum
691 1236 788 1285 possidens.

57 1291 130 1342 Singulis
144 1293 221 1342 loqrrere,
235 1299 253 1331 ut
267 1300 315 1343 potos
325 1296 358 1333 bea
374 1294 467 1334 adiuvante.
487 1293 589 1332 Cunctorum
600 1292 725 1342 aegrotationes
734 1297 790 1342 porta,

56 1349 100 1386 sicut
114 1349 200 1398 perlectus
214 1350 280 1387 athleta.
307 1350 338 1389 Ubi
353 1352 391 1400 plus
405 1351 475 1396 laboris,
489 1350 512 1387 ibi
526 1362 604 1399 anagniam
619 1349 692 1388 lricrum.

107 1424 137 1464 *l
164 1428 241 1467 Probnns
259 1431 332 1468 arrianam
351 1436 396 1468 tuum
417 1431 434 1468 in
448 1430 482 1468 ileo
496 1429 590 1475 firnrratum,
604 1429 648 1467 uelut
660 1440 711 1478 super
724 1434 790 1479 petram

56 1485 167 1529 immobilem,
181 1487 251 1523 summis
265 1486 317 1524 Deum
331 1487 408 1524 laudibus
423 1487 481 1531 erebo,
496 1487 542 1535 qriod
556 1491 600 1523 trrarn
615 1485 716 1534 inculpatam
730 1486 790 1523 taciem

56 1541 113 1579 uidere
134 1542 235 1589 ineruerim,
255 1555 288 1592 [pua
307 1537 370 1581 utinam
389 1544 405 1581 iu
420 1543 453 1581 lleo
472 1543 523 1581 lruar.
550 1543 625 1581 Obsecro
640 1546 656 1580 te
670 1554 701 1591 per
714 1542 789 1590 gratiam,

57 1609 90 1647 qua
107 1598 176 1635 irulutus
195 1609 224 1644 es,
245 1605 264 1636 ut
281 1611 350 1637 cnrsurn
368 1605 415 1637 trium
432 1610 543 1649 prornoveas,
562 1610 655 1647 omnesque
672 1599 758 1644 inciteris,
771 1603 791 1636 ut

58 1654 148 1691 salventur.
176 1655 245 1692 liudica
259 1662 276 1692 et
290 1662 337 1693 tuere
351 1656 407 1693 locum
422 1662 468 1693 tirum
483 1668 521 1693 cum
535 1657 581 1693 onmi
595 1654 681 1704 diligentia
698 1659 732 1691 tara
753 1667 789 1691 cor·

57 1710 121 1759 parali,
136 1722 186 1759 qtiam
200 1711 288 1760 spirituali
316 1712 458 1760 ursicampinam
472 1711 521 1758 trabe,
536 1723 569 1761 qua
581 1712 624 1749 nibil
637 1710 702 1748 melius.
729 1711 790 1749 Omnes

56 1772 116 1816 porta,
136 1767 277 1815 querrradmodnnr
295 1769 415 1813 tabernarum
434 1780 492 1805 orrrnes
513 1769 566 1806 tolera
582 1768 599 1804 in
618 1767 696 1812 caritate,
716 1768 760 1804 sicut
774 1772 790 1804 et

58 1822 103 1860 lacis.
129 1822 209 1860 Precibus
224 1836 263 1861 auca
277 1825 313 1861 siue
327 1825 459 1862 intermissione.
485 1825 554 1862 Postula
567 1824 671 1861 intellectmn
684 1824 788 1871 ampliorem,

58 1891 108 1929 [piram
127 1879 185 1916 babes.
212 1879 274 1929 Vigila,
293 1881 370 1930 spiritura
388 1883 484 1919 insomnem
501 1881 571 1919 liabens.
603 1879 677 1929 Singulis
696 1880 790 1918 secundum

57 1936 159 1974 adiutorium
172 1936 201 1972 llei
220 1937 296 1986 loquere.
325 1938 402 1975 Onnrium
423 1937 528 1976 infirmitates
542 1937 609 1988 perier,
622 1941 642 1975 ut
656 1935 719 1974 athleta
735 1937 775 1986 perl
785 1958 790 1965 -

59 1997 101 2029 ctus.
128 1991 159 2028 Ubi
173 1991 210 2040 plus
224 1992 298 2040 laboris,
311 1993 333 2030 ibi
347 1994 385 2042 plus
400 1994 515 2031 ernolumonti.

92 2101 108 2145 O)
120 2102 186 2135 [inritatur
197 2102 212 2134 Si
223 2100 290 2144 Paulnnr,
303 2102 327 2145 apii
339 2112 376 2135 roco
387 2100 414 2137 m·
435 2103 503 2136 studiose
512 2103 592 2136 terendam
599 2112 616 2136 ac
623 2111 677 2145 preces
690 2100 790 2136 assiduelun-

58 2143 95 2182 dtu
107 2154 121 2181 et
132 2144 216 2194 duddopce
227 2148 256 2179 boc
267 2158 312 2180 serasar
327 2159 372 2191 saepe
384 2149 414 2181 uti-
437 2150 493 2182 alendas
505 2151 573 2182 laureatus
585 2154 612 2181 est.
629 2149 737 2181 betestordr‘eclr.

58 2197 86 2235 tua
98 2205 110 2227 o.
122 2204 135 2235 g.
146 2194 184 2235 Epli.
196 2193 210 2233 O,
223 2193 246 2225 ll.
259 2192 291 2227 Col.
304 2194 319 2236 3,
329 2195 352 2227 12.
365 2195 413 2228 Peors.
469 2196 494 2237 tl)
505 2196 667 2238 alpudllamasceumn,
679 2193 704 2236 qui
715 2194 755 2248 bunc
766 2193 790 2227 le-

91 2261 116 2304 10)
132 2262 174 2294 Cous.
190 2261 267 2307 πληροῦν
289 2262 321 2297 τὸν
338 2260 413 2297 ΗΜ,
436 2251 469 2274 erran
487 2240 531 2282 citat,
550 2241 604 2282 legitur
622 2239 717 2285 ἀκοίμητον
734 2236 790 2286 ὄμμα,

58 2309 89 2341 ΑΜ,
103 2308 158 2347 13‚25.
170 2307 247 2341 τελειοῦν
258 2307 289 2343 Τὸν
298 2295 374 2355 pappum:
382 2310 413 2343 Act*
436 2286 477 2329 <pared
490 2286 529 2320 idem
545 2292 576 2328 esta
598 2286 669 2327 intelligit
685 2285 724 2318 enirn
740 2285 791 2331 ὄμμα

58 2355 87 2394 lb,
99 2353 124 2386 24.
142 2352 199 2385 llTirn.
216 2353 235 2394 4,
246 2354 261 2385 ῖ.
277 2353 346 2387 Peterson,
371 2356 387 2387 ln
403 2354 413 2387 O
436 2334 466 2374 τῆς
482 2334 544 2377 ψυχῆς’
563 2332 612 2364 PWS'
634 2330 743 2385 I¹llfflll⁰l³l⁰¹3
763 2332 790 2364 1⁰¹¹

58 2400 164 2446 wama
435 2383 471 2419 ret,
484 2378 517 2420 Spe.
531 2383 546 2411 et
556 2377 595 2410 drus.
607 2381 666 2410 tuentur
677 2386 752 2423 πνιυμιι.
774 2377 790 2410 Ιιι
824 2403 826 2407 .

436 2424 463 2466 ΕΡ,
475 2423 555 2457 Clementis
566 2424 608 2456 llum.
625 2422 644 2455 ad
654 2422 729 2456 iacobum.
741 2434 754 2455 e.
767 2423 790 2456 ll.

92 2467 118 2509 lt)
130 2468 140 2498 l.
157 2477 169 2499 e,
186 2467 254 2506 rirrdicu,
270 2472 314 2501 litera.
336 2468 414 2501 Graniani:
437 2470 458 2503 Οἱ
469 2468 503 2515 μὲν
517 2463 547 2503 οὖν
562 2471 593 2511 τῆς
607 2467 698 2510 ἐκκλησίας
713 2464 792 2501 abaciacum

59 2512 136 2547 Custodiei
152 2511 258 2555 (Gallieciollit
275 2513 348 2558 Sustinui)
363 2514 374 2547 il
388 2519 413 2549 taio
436 2516 466 2549 aori
483 2511 582 2550 ἐπισκόπου
596 2515 672 2552 συνετῶς
686 2510 791 2561 ῥεμβόμενοι

59 2565 109 2602 posto.
133 2560 239 2592 Petennaunus
259 2560 325 2605 aparuerit,
349 2561 382 2604 Spa
400 2567 415 2595 et
436 2560 516 2597 ἔστωσαν
527 2562 543 2595 οἱ
554 2560 650 2607 ὀφθαλμοί.

59 2602 414 2651 Arm,antegerintrbnpe‘noup.rbaadrrov.
469 2607 494 2650 15)
506 2604 603 2654 &prodit-etan
618 2602 697 2647 intimat,
716 2610 745 2638 ret.
763 2606 791 2638 lut.

435 2654 486 2686 Lectio
499 2658 570 2696 cormrpta
581 2663 598 2684 er
609 2648 700 2695 delibatae,
712 2651 754 2693 quod
765 2662 790 2684 an-

435 2700 487 2732 bibeut
497 2700 511 2732 vG
520 2700 537 2732 Li
558 2698 601 2740 ripam
615 2698 648 2740 Spr.
663 2701 678 2729 et
691 2697 730 2730 Arna.
746 2696 791 2731 κατὰ

93 2742 119 2784 13)
131 2742 155 2776 Nil
169 2742 214 2775 babet
231 2741 255 2774 hic
269 2741 311 2775 lacus
326 2743 414 2777 rusticitatis
436 2745 504 2791 θέλημα
514 2756 540 2778 seu
551 2742 613 2787 βουλὴν
625 2743 674 2777 Θεοῦ.

59 2799 86 2822 sca
97 2789 195 2831 arrogantiae,
206 2792 223 2821 ut
230 2787 300 2821 llallacus
309 2790 414 2823 contendebat.
469 2791 494 2833 lb)
506 2788 584 2824 uterere
593 2789 609 2821 L,
633 2789 679 2831 Spinis
689 2799 712 2832 ap.
720 2789 790 2822 Cureton.

60 2834 132 2868 Fraterno
149 2839 206 2868 tantum
225 2845 275 2867 amore
292 2835 344 2868 [liictus
362 2836 414 2870 beatus
437 2836 558 2870 carrarrlntioobio
571 2833 673 2882 Ououlydp]
686 2836 751 2870 πλείων
762 2831 792 2869 κό-

59 2880 124 2922 Ignatius
136 2881 235 2925 Polycarpum
250 2890 292 2914 Stltltll
304 2881 323 2914 ad
336 2882 415 2916 ecclesiam
437 2894 475 2925 nor,
487 2881 531 2917 πολὺ
544 2881 588 2927 [aab]
601 2879 668 2928 κέρδος.

93 2673 118 2718 12)
130 2671 250 2711 ἀδιαλείπτοις
263 2683 291 2706 orn.
304 2674 336 2716 Syr.
349 2679 363 2707 ot
374 2676 413 2708 eterra.
