1793 3076
104 89 139 121 Inv
303 77 328 115 llll
342 74 427 113 Huulllu
442 74 475 115 GR.
490 73 540 112 turs,
553 73 628 112 neuun.

104 200 134 235 tus
148 192 272 232 ornamentum
286 185 322 228 llis.
335 184 363 227 IV.
380 198 417 240 cap
431 186 448 228 3.
461 185 563 228 irruentum:
584 181 634 241 ποίῳ
647 179 722 243 τρόπῳ,
741 183 790 238 quod
803 183 838 225 La-

104 249 138 290 tini
153 242 226 300 eodnev
244 248 262 283 et
277 238 339 283 eduen
352 243 438 284 voeabuda
450 244 580 284 eorrlundentes
593 244 670 283 reddamt
688 255 734 296 „quo
747 242 799 281 loco“
811 241 839 281 uel

104 316 168 358 „quem
187 301 206 342 in
222 300 298 341 locunr.“
329 299 395 351 Periit,
408 300 492 355 inquam:
515 312 536 341 en
553 299 615 341 codice
632 297 680 341 enim
699 311 731 340 suo
752 296 771 337 in
790 296 838 338 Albo

104 363 166 400 monte
183 356 287 397 Simonides
305 357 354 398 lldeli
370 369 426 398 ainaim
444 357 504 397 hausit
520 356 570 413 ποίῳ
583 352 642 413 τόπῳ.
669 355 722 405 erod
735 354 764 395 urin
777 353 838 393 dubito

105 414 148 468 quin
166 414 245 454 Graecus
255 414 323 455 -oouox
343 426 385 454 oum
402 418 431 454 tot
448 413 487 453 aliis
505 413 592 454 eLatino
606 411 722 454 assumserit:
740 409 776 450 nisi
791 408 840 463 qrrod

104 469 155 523 origo
167 469 227 510 Latini
240 469 294 511 hunius
307 470 347 512 uitii
360 470 379 510 in
391 469 520 511 vetuistioribus
533 469 606 510 Graecis
620 468 721 524 quaerenda
734 470 767 508 est.

156 526 238 579 benique
253 539 296 567 uero
319 526 334 567 si
348 525 390 579 quiid
404 525 493 566 momenti
505 526 617 578 arprunentis
629 525 699 566 nostris
714 524 777 564 deesse
789 521 839 563 uide-

104 581 158 633 bitur,
170 582 189 622 id
202 594 257 622 onrrre
271 581 438 636 courrpensantloei
452 582 492 632 duo,
506 581 570 636 <puluis
585 595 629 636 [prae
642 581 661 621 in
670 581 758 621 Graecmn
771 583 840 619 teulrmr

104 638 149 678 vitia
167 638 265 689 transiere,
285 651 323 679 anon
342 635 420 691 possunt
436 650 474 677 non
493 651 514 677 eu
531 638 600 678 Latiaris
615 637 696 678 deriuari.
722 633 840 700 Alterimcuius

105 694 143 735 iarn
157 708 211 747 supra
224 695 293 735 nientio
307 694 373 735 iniecta
386 698 421 744 est,
434 693 510 734 habetne
522 694 558 734 uis.
571 694 601 744 lll,
615 694 632 735 3,
644 691 756 744 πανοῦργος
769 692 785 730 εί
798 701 841 741 nepa

106 745 141 799 τὰς
158 745 245 804 ppupolg,
270 751 326 805 epod,
345 763 401 804 qurumr
418 750 440 791 de
457 749 503 790 trrnri
521 749 594 804 eiusque
612 748 712 790 rationibus
731 759 792 788 sermo
812 745 840 797 sit,

107 807 242 859 ineptissimrun
260 812 293 848 est.
318 806 377 847 Finxit
395 819 437 846 uero
455 806 497 846 inde
515 806 563 859 qarod
576 807 636 859 plures
650 805 709 845 Lalirni
723 803 804 852 codices,
821 802 841 842 in

108 863 172 918 qidbus
189 863 243 905 etiam
259 862 355 905 Vaticanus
372 867 400 904 est
417 861 511 913 Dresselii,
528 874 566 903 non
582 861 626 903 item
639 860 738 912 Palatinus,
755 858 842 913 praebent

107 925 211 970 „versutum
230 923 249 960 te
268 932 308 960 esse
327 919 375 958 cirea
393 918 507 970 scripturasl,
525 918 606 958 conclausis
624 918 689 971 quiippe
705 917 765 958 uerbis
783 915 842 966 „eirea

108 975 219 1017 strueturas“
230 998 255 1004 -
269 975 291 1016 de
305 974 379 1027 singuiis
394 973 513 1014 aedificandae
526 974 581 1014 turris
595 973 695 1014 rationibus
708 972 774 1026 agilan,
790 984 843 1025 {priam

108 1030 127 1071 in
144 1045 184 1072 rem
208 1029 308 1084 οἰκοδομαί
325 1031 353 1070 vel
370 1029 429 1070 siunile
446 1029 489 1082 [perid
506 1029 528 1069 ab
546 1034 619 1069 erectore
633 1029 688 1081 scribi
701 1033 773 1082 poterat
786 1052 811 1057 -
825 1032 843 1069 et

108 1087 165 1136 „eirea
186 1087 299 1139 scripturas}⁴
329 1087 378 1134 Quiae
400 1084 481 1124 conlusio
503 1089 523 1124 ut
547 1085 566 1124 in
583 1085 653 1125 Latinis
671 1085 754 1125 facillime
771 1089 843 1137 poterat

107 1142 152 1194 fieri,
165 1142 190 1184 ita
203 1143 222 1184 in
236 1141 308 1183 Genesis
322 1140 362 1182 lieri
375 1153 451 1194 prorsus
463 1139 553 1195 nequibat,
565 1139 601 1182 nisi
616 1140 631 1182 si
645 1139 685 1194 quis
699 1139 762 1181 Latina
775 1140 842 1183 Graece

107 1204 190 1240 verteret.
310 1201 312 1204 ’

159 1255 202 1295 Plus
216 1249 280 1304 eliam,
294 1254 310 1294 si
323 1253 362 1294 fieri
374 1257 441 1305 potest,
454 1253 500 1293 alter
512 1253 563 1294 locus
576 1253 628 1294 ualet.
650 1253 686 1293 llis.
700 1253 724 1304 ll,
741 1253 757 1294 3.
776 1253 843 1295 Graece

109 1310 197 1364 scriptrun
215 1314 249 1351 est:
271 1305 330 1364 Ἐρεῖς
351 1304 371 1349 δὲ
389 1306 474 1364 Μαξίμῳ
489 1303 541 1350 ’roob
563 1307 631 1358 θλίψις
648 1304 725 1362 ἔρχεται.
759 1309 783 1350 dt
801 1309 844 1364 [perid

109 1367 182 1407 tandem
195 1366 282 1408 blanirnus
295 1367 330 1407 iste
343 1365 377 1406 sibi
388 1366 430 1415 vult,
443 1378 497 1418 qurum
511 1378 544 1418 per
558 1365 696 1406 totruu'llluum
709 1366 753 1406 mdli
765 1366 843 1406 blanimo

109 1423 160 1461 locus
175 1421 212 1461 sict
239 1422 286 1469 Quid
299 1422 325 1461 rei
339 1425 391 1469 esset,
404 1433 443 1460 non
455 1421 529 1460 latuisse
547 1421 617 1460 uidetur
630 1421 753 1470 Simonidem,
766 1422 794 1460 rel
807 1433 842 1473 po-
886 1427 887 1430 ’

109 1476 145 1517 tius
164 1477 238 1517 doctum
255 1476 354 1517 Simonidis
376 1476 478 1516 adiutorem
495 1476 618 1529 Lipsiensern:
640 1489 703 1516 eorrun
721 1476 771 1516 enaim
788 1489 843 1529 opera

109 1533 211 1585 repositrun
227 1538 280 1587 atqcue
293 1537 336 1586 post
346 1532 400 1573 etiam
416 1532 485 1572 editum
503 1538 540 1573 est:
559 1526 620 1584 'uecta
634 1527 662 1572 dd·
677 1528 721 1573 tuot
734 1531 801 1581 θλίψις
815 1528 843 1585 lo-

109 1601 161 1641 χεται
175 1584 246 1642 μεγάλη
264 1586 350 1643 σφόδρα,
368 1601 403 1642 [puro
418 1587 490 1641 cognito
504 1588 526 1629 ad
539 1588 657 1639 „blaninmnd
670 1588 794 1642 explicandum
805 1601 844 1629 rnen

110 1657 155 1697 opus
169 1649 197 1685 est
211 1644 284 1698 Oedipo.
304 1646 388 1698 lbilgatus
401 1648 459 1684 lentus
467 1644 542 1685 Latinus
555 1645 618 1685 babel:
637 1645 699 1695 „Dices
713 1649 783 1685 autem:
796 1645 843 1685 Ecce

109 1713 175 1753 magara
188 1698 233 1753 (Vnt
246 1701 285 1741 cod.
302 1701 365 1754 llagna
383 1699 431 1753 ecce)
450 1700 542 1741 tribulatio
560 1700 625 1741 uenilf‘
650 1700 694 1741 lude
708 1714 752 1755 quae
766 1700 844 1742 Graecae

109 1755 182 1797 lectioni
199 1757 229 1798 lux
246 1758 324 1811 affulget,
341 1757 400 1810 paudlo
419 1756 507 1797 ennesius
525 1755 623 1811 inquirenti
640 1757 676 1798 iam
694 1757 738 1798 satis
752 1757 791 1798 erit
817 1758 843 1799 Ne

109 1816 171 1853 lamen
187 1812 282 1867 (puniendam
299 1814 321 1854 ad
340 1813 467 1866 explanandam
488 1826 528 1853 rem
548 1818 566 1854 et
587 1814 609 1854 ad
630 1813 775 1867 persuademlum
798 1813 844 1868 ipsis

108 1868 206 1909 incredulis
219 1869 272 1909 nobis
286 1870 340 1920 desit,
354 1870 389 1909 Pal.
403 1869 459 1909 codex
473 1869 528 1909 -id
542 1870 590 1923 quod
606 1870 641 1910 iam
655 1874 697 1910 ante
710 1870 745 1911 hos
758 1871 793 1911 diro
806 1871 844 1911 lere

108 1936 181 1965 menses
198 1937 240 1965 cum
259 1926 280 1966 R.
297 1925 356 1978 Anger
372 1925 410 1965 uiro
429 1925 536 1966 doctissimo
550 1926 681 1966 coaiinrunicaui
695 1950 719 1956 —
733 1938 771 1966 non
787 1927 843 1967 modo

109 1979 196 2028 „blasima
209 1981 260 2021 ccccl
271 1981 350 2033 praebet,
363 1981 395 2020 sed
406 1981 467 2033 ipsum
479 1981 544 2021 uitium
557 1981 620 2021 Graeci
633 1986 697 2032 tentiis,
710 1986 757 2022 teste
769 1981 843 2023 iliberto

110 2034 187 2085 llressel,
200 2036 335 2076 accraratissime
348 2036 407 2088 praeit
419 2036 467 2075 lium
480 2036 500 2076 in
512 2037 596 2077 uroclum:
614 2037 673 2087 „llinis
687 2041 747 2077 auteur
760 2038 844 2079 unanimo.

110 2088 158 2130 Ecce
171 2090 263 2131 tribulatio
277 2091 394 2145 supe1·uenil.“

163 2147 212 2194 Quae
232 2159 287 2198 quirum
304 2147 329 2186 ita
346 2147 391 2195 sint,
408 2148 467 2186 nrdlus
480 2147 542 2188 adnibito
558 2148 601 2200 (pun
615 2149 725 2189 Simonideis
738 2150 843 2202 fragmentis

111 2200 200 2241 Graeciam
213 2205 282 2241 textuum
294 2200 343 2242 eracli
356 2201 413 2242 simus
427 2215 473 2254 eruin,
487 2215 521 2256 epiro
536 2202 576 2258 quis
590 2208 647 2244 aetate
659 2203 719 2244 media
727 2211 799 2246 uertens
807 2207 843 2247 La-

110 2257 148 2297 tina
167 2257 280 2310 deperditum
298 2258 384 2298 Graecrun
401 2258 458 2310 ipsius
472 2259 501 2312 qui
514 2259 571 2300 fertru'
582 2260 660 2300 Hermae
673 2273 791 2314 compensare
805 2269 844 2303 stu-

110 2313 175 2354 duerit.
202 2314 241 2361 Quo
259 2314 281 2354 de
299 2314 398 2366 interprete
415 2314 451 2354 iam
470 2314 551 2356 subtilius
564 2315 641 2356 viderint
654 2316 689 2356 alii.
714 2318 755 2358 Nori
769 2319 844 2360 deerunt

110 2368 183 2423 quidem
202 2368 232 2423 qui
250 2369 303 2410 etiam
320 2374 349 2410 tot
365 2375 513 2423 argumentorum
537 2371 675 2411 coniunctorum
696 2372 733 2413 rim
754 2374 844 2416 subterlu-

109 2425 168 2478 giant:
186 2425 273 2465 nimirum
291 2430 333 2466 saun
349 2426 379 2480 qai
397 2426 528 2478 probabilitatis
546 2428 627 2482 certique
642 2440 716 2470 sensum
733 2435 763 2471 ant
780 2436 844 2472 natura

108 2494 146 2522 non
159 2482 227 2522 linirent
239 2487 269 2522 aut
283 2482 348 2522 studiis
361 2482 465 2532 amiserunt,
479 2482 544 2536 (purique
557 2496 619 2524 uernum
628 2489 712 2537 tarnqrram
721 2487 844 2529 aduersarium

108 2538 178 2579 malunt
191 2537 299 2580 cornuincere
312 2551 365 2592 quam
379 2538 450 2590 integro
465 2538 525 2579 animo
539 2539 624 2581 aiveino.
644 2540 733 2583 Poterunt
745 2542 771 2583 illi
785 2543 843 2584 conii-

109 2600 231 2635 benetentum
244 2596 388 2648 fragmentorum]
402 2593 533 2646 Lipsiensium,
551 2596 688 2650 antiquissumis
702 2612 757 2652 qurum
771 2599 804 2649 sil,
823 2614 844 2641 en

108 2647 182 2700 Latinis,
196 2650 207 2690 i.
220 2665 235 2691 e.
248 2651 363 2705 ineptissime
376 2650 430 2689 illatis
443 2652 570 2691 nonnullormn
584 2652 667 2692 codicum
675 2654 781 2695 Latinorum
790 2668 843 2708 aper-

109 2701 133 2743 tis
147 2704 200 2756 uitiis,
213 2705 287 2748 subinde
302 2720 342 2748 esse
357 2713 467 2760 corruptum.
491 2708 550 2756 Quam
563 2707 685 2749 eorrieelumm
699 2722 740 2750 cum
754 2710 843 2753 similibus

110 2759 193 2801 omnibus
211 2764 331 2805 concedamus
349 2763 394 2805 allis.
425 2762 482 2805 Nobis
499 2777 541 2805 uero
556 2764 578 2804 de
590 2764 630 2818 ipsa
642 2778 670 2817 re,
691 2766 843 2820 qineinadrnodum

109 2816 234 2874 exposuimus,
252 2825 345 2873 taritopere
358 2819 466 2874 persuasum
480 2826 516 2869 est,
529 2826 550 2860 ut
563 2826 711 2872 argumentorum
724 2823 765 2874 plus
778 2824 843 2864 allone

108 2871 261 2926 supersedeamus
287 2875 380 2918 Invenient
396 2877 447 2931 plana
466 2875 495 2931 qui
512 2875 612 2926 Palatinum
631 2876 720 2930 codicem,
741 2878 788 2919 haurd
804 2879 842 2924 leue
