1793 3076
157 45 280 91 llllllYRlUll
292 47 309 88 S.
322 46 442 90 rouretum.
461 47 489 86 lll.
503 46 529 87 lll.
543 46 561 84 ll.
576 45 601 84 Vl.
615 43 649 83 Vll.
732 37 770 80 395

38 167 57 202 ut
69 172 117 204 suam
130 161 168 212 ipse
183 165 254 205 aetatem
266 163 381 209 misereretur,
395 162 423 200 ille
436 161 508 200 bestiam
521 160 566 200 ultro
576 158 597 197 ad
612 169 630 197 sc
638 156 706 197 attraxit
719 156 770 206 eique

39 220 72 259 vim
85 218 150 266 intulit,
169 219 239 269 cupiens
252 219 327 259 velocius
341 231 361 258 en
375 219 438 257 iniusta
451 222 468 255 et
481 217 539 267 inique
553 216 621 254 illorum
634 214 723 253 hominurn
737 213 770 264 rita

39 276 120 326 effugere.
145 277 208 318 llninde
223 280 278 313 autem
291 277 370 318 universa
383 275 478 320 multitudo,
491 274 609 312 tortitudinem
622 272 646 322 pii
660 283 680 310 ae
694 271 770 321 religiosi

39 333 174 371 Christianorum
191 332 259 382 generis
278 333 369 377 admirata,
389 330 494 369 exclamavit:
518 330 563 376 ,tolle
577 329 648 377 impios3
665 328 770 379 Polycarpus

39 387 151 439 requiraturl‘

291 486 317 522 IV.
346 486 421 532 Quietus
435 489 520 535 apostolo.

92 580 162 627 Quidam
175 590 225 626 vero,
240 581 308 618 nomine
322 581 399 627 Quintus,
412 579 480 618 notione
494 579 559 631 Phryx,
574 579 603 628 qui
617 589 671 628 nuper
685 590 706 616 en
718 579 771 628 Pliry-

41 639 67 690 gie
80 638 177 683 advenerat,
197 647 234 673 curn
248 636 319 674 vidisset
334 635 408 681 bestias,
426 635 488 672 timore
502 636 593 686 perculsus
611 640 642 672 est.
668 634 700 671 llic
718 640 773 672 autem

40 700 82 742 erat,
98 694 128 745 qui
141 706 159 731 se
173 693 230 743 ipsum
238 697 255 731 et
268 693 310 732 elios
319 693 402 744 quosdam
409 692 504 743 impulerat,
514 697 533 731 ut
541 693 586 731 ultro
596 692 704 731 accederent.
730 690 774 730 Huic

40 750 133 803 proconsul
146 750 202 787 multis
217 750 364 796 obsecrationibus
378 750 464 799 persuasit
472 750 528 788 iurare
542 761 562 788 ae
571 749 675 788 sacrificare.
701 749 774 801 Propter

40 809 73 846 lroc
87 807 144 857 igitur,
158 806 230 853 fratres,
244 818 279 845 raon
292 807 378 846 laudamus
393 817 433 854 eos,
448 807 477 857 qui
491 812 552 858 sponte
566 817 605 846 sese
619 806 703 853 ollcrunt;
721 817 773 856 quan·

41 864 132 915 doquidem
145 874 181 901 non
194 863 217 900 ita
231 863 282 901 docet
292 863 405 914 Evangeliurn.
688 886 690 888 »

247 982 266 1021 V.
292 984 385 1034 Polpcoepi
398 994 474 1022 secessus
488 987 504 1022 ct
516 983 566 1022 etsie.

92 1072 198 1123 Polycarpus
212 1078 277 1121 autem,
290 1075 314 1112 vir
327 1074 398 1112 uranime
412 1073 526 1121 admirabilis,
540 1074 622 1124 primum,
635 1084 654 1111 re
668 1072 725 1111 audita
738 1084 772 1111 non

41 1131 124 1177 turbatus,
138 1130 156 1168 in
169 1130 212 1170 urbe
225 1142 326 1182 permanere
340 1131 415 1179 volebatp
429 1131 506 1182 plerique
521 1136 576 1184 tamen
585 1131 600 1170 ei
613 1135 740 1183 persuaserunt,
754 1134 773 1169 ut

41 1188 135 1226 secederet.
162 1187 183 1224 lit
200 1188 273 1226 secessit
285 1189 301 1227 in
316 1188 379 1234 villani,
396 1200 431 1226 non
448 1188 519 1226 nrrrltum
538 1189 558 1226 ab
577 1189 621 1227 urbe
640 1188 725 1234 dissitam3
743 1187 772 1225 ubi

42 1254 80 1282 cum
93 1243 152 1293 paucis
166 1245 236 1291 utensis,
250 1244 279 1282 diu
293 1250 379 1294 noctuque
393 1245 417 1282 nil
430 1244 475 1282 alind
489 1256 549 1294 agens,
563 1245 596 1282 nisi
609 1244 655 1293 quod
670 1248 728 1281 oraret
740 1255 772 1293 pro

41 1300 126 1341 universis
143 1305 160 1338 ct
178 1312 209 1350 pro
224 1301 302 1339 omnibus
315 1313 347 1352 per
361 1299 421 1338 orbem
433 1299 521 1349 ecclesiisq
535 1301 581 1351 quod
594 1300 630 1351 ipsi*
642 1303 678 1337 erat
692 1298 774 1337 solemne.

40 1357 60 1395 llt
74 1369 111 1395 cum
120 1363 181 1402 oraret,
191 1358 248 1395 triduo
263 1364 352 1407 antequam
361 1358 541 1408 comprehenderetur,
548 1358 590 1402 visio
601 1357 617 1395 ei
626 1356 690 1405 obtigit,
699 1356 773 1405 viditque

41 1414 113 1451 cervical
126 1425 175 1451 snum
189 1414 269 1452 incendio
284 1414 397 1464 conflagrans.
424 1414 445 1452 lit
459 1424 552 1464 conuersus
568 1414 590 1452 ad
604 1413 660 1452 socios
673 1412 774 1462 prophetice

42 1469 91 1509 dixit:
104 1474 179 1520 ‚oportet
191 1482 218 1509 me
232 1471 286 1510 vivum
300 1468 389 1510 comburi‘

115 1581 142 1621 Vl.
168 1583 276 1635 Polpcocpus
290 1596 302 1623 c
315 1584 383 1622 serenio
394 1584 481 1634 proditur,
509 1584 587 1623 Herodes
600 1582 700 1622 trenorcio.

94 1673 197 1717 instantibus
211 1679 266 1712 antem
280 1676 300 1721 iis
315 1676 344 1723 qui
360 1675 464 1723 quaerebant
478 1687 521 1721 erim,
535 1676 552 1713 in
566 1673 680 1720 aliamvillam
688 1672 774 1722 migravit;

43 1733 60 1767 et
73 1729 129 1770 statim
143 1730 214 1768 ederant
232 1730 353 1780 exploratores.
381 1730 457 1781 Cumque
476 1725 524 1768 illum
541 1742 576 1769 non
594 1729 711 1780 reperissent,
731 1730 774 1769 duos

42 1787 118 1825 servulos
133 1787 309 1836 comprehenderunt,
323 1798 396 1837 qnorum
410 1788 461 1833 alter,
475 1788 564 1826 tormentis
577 1787 664 1832 subditus,
683 1786 773 1825 consessus

42 1847 73 1881 cst.
100 1843 207 1893 impossibile
221 1848 277 1881 autem
291 1849 328 1882 erat
339 1845 392 1882 latere
405 1844 467 1893 ipsum,
477 1855 515 1882 eum
524 1845 622 1894 proditores
638 1843 727 1880 domestici
736 1844 773 1882 eius

43 1904 106 1937 essem
134 1899 225 1936 lrenarclna
237 1911 283 1945 vero,
296 1900 322 1937 vel
337 1898 452 1946 cleronomus,
467 1901 513 1949 quod
526 1901 567 1937 item
580 1910 642 1936 munus
656 1903 691 1945 est,
705 1900 774 1948 nornine

42 1954 130 2001 Herodes,
144 1956 160 1993 in
175 1956 247 1994 studium
260 1955 307 1994 illum
322 1952 384 1994 ducere
397 1956 509 2005 properabat,
528 1961 547 1994 ut
561 1957 590 1994 hic
604 1960 668 1994 sortem
683 1966 730 1993 suam
743 1956 773 1994 im·

42 2009 106 2059 plener,
127 2010 190 2062 tonsu
207 2023 280 2051 consors
299 2012 362 2059 lactus3
380 2012 478 2062 proditores
496 2016 552 2051 autem
570 2012 625 2062 ipsius
641 2011 692 2059 ludeo
709 2023 774 2062 poenas
816 2057 817 2060 Ἴ

43 2067 123 2106 subeant!

182 2171 216 2209 llll.
243 2172 350 2223 Pclpcorpcs
368 2173 530 2223 opcrsccutoribos
543 2173 636 2212 iuvenitur.

95 2267 181 2312 Habentes
195 2280 236 2319 ergo
250 2269 350 2319 puerulum,
368 2270 410 2309 feria
424 2275 480 2316 senta,
498 2270 529 2309 sub
543 2271 603 2311 horam
617 2280 690 2315 coenae,
710 2269 777 2319 egressi

44 2329 84 2363 sunt
97 2331 218 2374 persecutores
236 2330 253 2363 et
271 2327 337 2375 equites
357 2339 395 2365 cum
414 2327 501 2364 consuetis
515 2328 575 2371 arnus,
594 2332 679 2374 ‚tanquam
694 2326 776 2364 adversus

44 2419 173 2426 -ε-ᾗ.

43 2474 85 2521 μετ)
101 2475 165 2523 ὀλίγων
179 2474 262 2524 ἀδελφῶν
273 2478 323 2521 lind,
342 2478 398 2525 ἔτριβε
453 2480 469 2521 3]
480 2477 590 2527 Κληρονόμοι
596 2477 728 2520 suntmogistratus
734 2482 776 2510 sorte

43 2521 83 2565 μετ’
96 2521 157 2569 ὀλίγον
167 2526 229 2558 Baroce.
239 2523 300 2566 etprius
312 2526 398 2568 libbimpr.
421 2526 470 2560 electi.
491 2526 521 2560 Cot.
541 2527 576 2559 Cum
594 2525 627 2558 nliis
645 2523 741 2557 Giallicciolli
760 2528 775 2556 et

75 2569 91 2612 2)
102 2571 123 2602 lta
139 2571 187 2618 Codd.
206 2569 249 2617 iliud.
269 2570 315 2616 Paris.
331 2572 398 2614 Bmocc„
422 2568 619 2619 Graciarricipqorippoor
630 2575 644 2603 ct
659 2565 776 2615 κληρονόμους

45 2618 179 2657 κατακαυθῆναι
188 2616 227 2657 urrlg.
238 2620 272 2648 urite
284 2617 314 2650 lac.
422 2619 484 2652 eosdem
495 2619 542 2651 luisse
553 2617 648 2659 rniugistrmus
658 2619 717 2657 putant.
740 2615 776 2648 ltlilri

76 2660 111 2703 Cep.
123 2663 146 2695 lll.
169 2655 271 2710 llblrryr'cp
321 2660 400 2709 ὑπῆρχον
422 2665 482 2708 quidem
497 2671 538 2697 voco:
553 2661 562 2696 ὁ
579 2662 608 2695 καὶ
623 2656 738 2706 κληρονόμος,
755 2659 775 2695 τὸ

45 2715 62 2738 cn
72 2706 188 2749 lntcrpolatoris
199 2718 244 2740 nrunu
256 2717 294 2749 esse,
308 2710 401 2743 censetDal-
423 2709 465 2744 αὐτὸ
477 2706 533 2754 ὄνομα
544 2707 639 2750 glossematis
656 2706 724 2748 speciem
739 2718 776 2749 prae

45 2751 123 2793 rpnplius.
136 2753 167 2786 loc.
319 2769 320 2772 ¹
423 2767 439 2788 se
451 2756 490 2788 lcrre
502 2754 574 2787 ridentur.

76 2796 93 2838 λ)
104 2798 193 2831 lrenarchne
203 2809 257 2831 munus
269 2805 307 2844 erat,
319 2800 401 2833 seditiosos
455 2800 472 2843 4)
481 2801 521 2841 Lege
533 2796 591 2841 riberto.
602 2797 631 2833 lac.

44 2839 112 2881 homines
130 2849 145 2876 et
163 2845 205 2887 pacis
225 2844 295 2887 publicae
316 2846 405 2888 turbatores
509 2842 511 2844 ’

45 2888 178 2931 comprehendere.
191 2891 238 2933 tales.
310 2917 312 2921 s
336 2929 338 2932 .
452 2890 534 2934 .Cap,.llll.
557 2888 712 2935 litterataque,
