1793 3076
134 55 212 96 lentata
226 56 327 98 tristata
338 59 365 98 hl)
380 59 486 100 nannetes.
507 59 541 100 XII.
554 59 596 98 IIIII.
608 58 649 98 XIV.
663 58 696 97 IlV.
747 55 783 96 133

47 167 168 220 sanctificatus,
181 172 280 225 martynum
293 177 403 220 consecutus,
418 176 435 211 et
446 173 496 224 digne
504 173 563 214 heatus
577 179 608 220 est,
621 173 642 213 aol
652 173 700 215 culus
713 173 784 226 vestiga

48 228 135 277 contingat
147 229 189 267 mihi
206 234 226 267 ut
242 230 326 276 inveniar,
347 230 414 280 quande
428 229 458 268 Dei
471 231 556 280 particeps
569 232 602 278 iio,
620 232 650 281 qui
663 237 698 272 tota
711 233 784 283 epistola

47 295 113 323 memor
126 287 179 323 vestri
192 290 219 323 est
232 287 249 323 in
264 287 330 323 Christo
345 287 388 323 Iesu,

48 382 65 414 et
78 374 195 412 testimonium
212 382 315 413 consecutus
329 381 360 422 est,
373 375 470 425 meritoque
482 375 591 413 beatissimus
605 376 718 424 praedicatur,
732 380 781 416 cuius

47 433 64 470 in
78 431 153 480 vestigiis
167 431 233 469 catinam
246 442 278 481 ego
297 432 379 475 inveniar,
394 442 432 469 cam
445 432 498 470 Deum
512 437 571 470 nactas
585 430 644 478 luere,
659 433 688 482 qai
701 433 719 470 in
731 435 783 473 omni·

47 488 80 526 hus
94 486 171 536 epistolis
185 487 221 525 snis
233 492 308 526 vestrum
322 488 399 526 meminit
411 488 429 525 in
442 489 509 526 Christo
523 488 568 526 lesu.

212 589 254 628 Illll.
282 591 373 630 Coaceaa‘te
386 592 457 639 saeptas
470 593 495 629 ael
509 591 574 629 crottam
588 592 627 629 Det.

100 661 140 701 Date
154 663 211 712 itaque
227 675 301 714 operam,
315 669 335 702 ut
348 663 427 702 crebrius
441 665 569 714 congregemini
582 664 603 703 acl
614 664 677 714 gratias
686 664 721 704 heo
734 676 784 715 agen·

49 721 88 765 alas,
107 725 124 756 et
138 720 159 757 acl
173 731 212 757 eum
224 720 332 760 laudandum
360 721 429 767 Quando
451 721 495 757 enim
514 722 582 771 saepius
603 722 620 758 ln
638 722 711 760 enodem
728 722 784 760 locum

49 775 147 824 convenitis,
161 776 285 815 labefactantur
298 777 343 815 vires
355 777 432 823 Satanae,
446 781 463 815 et
477 778 569 816 concordia
581 782 647 816 vestrae
661 778 702 816 fidei
713 778 784 816 solvitur

48 833 121 879 anitium,
136 833 182 882 quod
195 833 223 870 ille
236 833 293 871 inlert.
311 833 355 871 Nihil
368 834 482 883 praestantius
495 845 537 884 paee
551 840 582 881 est,
596 847 629 884 qaia
642 834 721 873 aboletur
733 846 783 873 omne

47 889 111 928 hellam
125 889 224 928 coelestium
238 894 255 928 et
268 895 381 929 terrenorum.

101 988 155 1030 *XIII
174 993 214 1030 Date
228 994 285 1043 itaque
295 1005 370 1044 operario,
384 998 403 1031 nt
411 994 489 1032 orehrius
498 994 625 1043 congregemirri
634 993 655 1032 aa
662 994 785 1033 Ilueharistiam

49 1049 154 1099 gloriamque
167 1049 202 1086 llei.
222 1050 291 1096 Quaado
306 1050 350 1087 enim
364 1050 463 1099 frequenter
476 1051 494 1087 in
507 1062 560 1087 arnaurr
568 1050 667 1098 convenitis,
681 1051 783 1097 lahelactan·

50 1112 76 1143 tur
89 1106 133 1143 uires
148 1105 229 1151 Satanae,
248 1112 266 1151 et
279 1107 347 1144 exitium
364 1118 383 1144 ac
396 1106 482 1155 pernicies
501 1107 537 1144 eins
551 1112 607 1144 restro
622 1106 639 1144 in
651 1107 685 1145 lide
699 1118 785 1146 consensu

49 1160 153 1200 dissolvitur.
179 1160 224 1198 Nihil
236 1162 350 1212 praestantius
365 1167 391 1200 est
403 1173 452 1211 pace,
467 1173 500 1212 qna
515 1173 564 1200 omne
578 1161 642 1201 hellam
656 1161 736 1201 oheletnr
747 1174 785 1202 cee-

48 1217 116 1255 lestinm
129 1221 146 1255 et
159 1219 270 1255 terrestrIum.

48 1319 88 1359 IIIV.
104 1320 182 1358 TerccatIa
196 1319 248 1369 patio
262 1324 277 1356 et
292 1319 398 1364 charitatem,
413 1325 428 1357 et
441 1321 560 1369 operthasaos
569 1319 786 1370 Claa'stc'oaosproehcoh's.

101 1398 176 1444 [tororum
189 1397 231 1435 nihil
248 1409 278 1435 uos
292 1397 343 1445 latet,
363 1398 378 1435 si
393 1397 470 1448 perfecte
487 1398 581 1436 habueritis
601 1397 688 1436 inlesum
702 1399 786 1438 ChrIstnm

49 1455 100 1494 halem
115 1461 131 1494 et
145 1455 249 1502 clraritatem,
264 1466 306 1505 quae
320 1455 387 1493 initium
400 1455 443 1494 vitae
457 1460 473 1494 et
486 1454 525 1494 finis
539 1459 583 1494 saint.
601 1454 706 1506 Principium
716 1456 784 1505 qarialcm

49 1513 102 1559 fidos,
122 1512 161 1550 finis
179 1523 219 1549 vero
234 1513 313 1550 charitas.
340 1512 386 1550 llaec
400 1516 455 1550 antem
469 1513 502 1550 diro
521 1513 538 1550 in
558 1524 611 1550 unum
631 1513 710 1550 coeuntia
727 1513 784 1551 ahoe

49 1574 99 1618 sant3
118 1570 174 1607 onmia
191 1580 231 1607 aero
249 1569 280 1606 alia
300 1568 321 1607 acl
337 1569 439 1619 prohitatem
458 1574 570 1608 consectanea
590 1573 634 1607 sum.
661 1569 720 1608 Nullus
734 1568 785 1608 Iidem

49 1625 133 1676 profitens
147 1630 215 1677 peccat,
230 1638 286 1675 raeque
301 1625 400 1664 claritatem
413 1626 506 1676 possidens
520 1626 561 1664 odit.
588 1625 677 1664 llanilesta
693 1632 719 1664 est
735 1625 786 1664 arhor

50 1694 70 1720 en
83 1683 140 1720 Irnctu
154 1693 195 1728 sare;
210 1682 291 1728 simliter,
306 1683 334 1731 [pri
347 1682 450 1732 profitentur
463 1694 481 1720 sc
499 1683 603 1721 Christianos
613 1694 658 1727 esse,
673 1694 694 1720 en
702 1683 728 1729 iis,
743 1695 786 1731 qnae

49 1739 118 1785 faciunt,
134 1744 232 1777 cernentur.
258 1739 296 1777 Non
311 1740 355 1776 enlm
373 1750 417 1777 narnc
431 1739 539 1788 professione
554 1751 597 1789 opns
612 1743 647 1785 est,
666 1739 697 1778 secl
713 1739 728 1777 si
746 1740 785 1789 quis

50 1796 67 1832 in
80 1796 141 1833 virtute
155 1795 196 1833 fidei
210 1795 304 1832 inveniatur
316 1807 371 1845 nscpre
385 1795 406 1832 acl
420 1794 476 1833 finem.

101 1892 163 1934 *llllh
190 1896 265 1942 Quorum
283 1895 326 1934 nihil
344 1907 374 1934 vos
392 1895 441 1942 latet,
460 1896 474 1934 si
487 1895 580 1945 perlectam
594 1896 611 1934 in
625 1895 681 1934 lesum
700 1894 786 1935 Christum

51 1953 115 1990 hahetis
129 1953 181 1991 halem
195 1959 212 1991 et
226 1954 318 1999 caritatem,
333 1964 376 2003 (puae
390 1952 457 1990 initiam
470 1953 514 1990 uitae
528 1958 555 1991 est
569 1952 639 1991 etfinis.
668 1953 736 1990 Initium
750 1954 785 2002 qni·

52 2010 90 2048 alem
104 2009 152 2056 fides,
166 2009 205 2047 linis
219 2016 274 2049 autem
289 2010 358 2056 caritas,
379 2010 412 2047 aluo
426 2014 482 2047 antem
495 2010 527 2047 ista
542 2011 609 2060 quoties
623 2009 640 2046 in
655 2021 708 2048 urrnm
718 2014 787 2055 coeant,

51 2067 81 2105 noi
95 2072 144 2114 sunt,
164 2072 221 2105 cetera
239 2072 294 2106 autem
308 2067 364 2106 emula
378 2067 398 2105 ael
411 2066 514 2117 probitatem
529 2071 643 2106 consentanca
662 2071 706 2105 saint.
733 2066 787 2105 Nemo

51 2124 102 2161 sulem
115 2124 205 2173 protessus
220 2130 290 2173 peccam
304 2135 337 2162 neo
353 2124 439 2161 caritatem
453 2124 545 2172 possidens
559 2124 599 2161 oalit.
617 2123 787 2172 Dignoscitnrarhor

52 2188 74 2217 en
85 2180 142 2217 lruotu
156 2192 196 2227 sno3
211 2181 236 2218 sio
250 2181 279 2231 qui
293 2192 312 2218 se
327 2180 432 2218 Christianos
447 2191 485 2217 esse
499 2179 611 2229 profitentur,
627 2191 647 2217 en
660 2179 691 2225 iis,
706 2190 748 2228 qaae
763 2179 786 2217 f-

52 2237 103 2282 ciunt,
117 2238 250 2287 perspiciuntur.
276 2237 310 2275 nes
323 2249 358 2275 non
372 2237 405 2274 iam
418 2236 436 2273 in
449 2236 559 2286 professione
573 2236 660 2283 consistit,
675 2236 706 2275 secl
720 2236 734 2274 si
748 2236 786 2286 (puls

51 2292 69 2330 in
82 2293 143 2331 virtute
157 2292 198 2331 firlei
212 2294 308 2331 inveniatur
319 2305 375 2343 usque
389 2292 410 2329 at
424 2291 481 2330 finem.

87 2395 120 2433 XV.
147 2397 186 2436 Noa
200 2397 288 2445 loquentes
301 2397 362 2441 solem,
376 2397 407 2434 sect
421 2399 436 2432 ct
449 2396 518 2434 silentes
531 2395 626 2434 Demhcaam
636 2395 754 2445 profiteamur.

103 2475 162 2513 llelins
177 2480 207 2521 est,
221 2480 279 2513 tacere
293 2480 310 2512 et
324 2486 371 2522 esse,
386 2486 436 2524 qnam
449 2476 549 2525 loquentem
562 2487 597 2513 non
610 2485 655 2512 esse.
682 2474 747 2512 Bonum
761 2478 787 2511 est

52 2533 125 2580 (locere,
140 2532 164 2579 si,
179 2531 209 2581 qui
223 2532 272 2578 (licit,
292 2531 347 2570 faciat.
373 2530 420 2570 Unus
435 2532 485 2583 igitur
499 2533 569 2579 doctor,
585 2532 614 2582 qui
629 2531 680 2578 alixit,
694 2535 711 2568 et
724 2529 786 2568 lactaria

103 2631 151 2673 *xit
178 2636 254 2674 Praestat
266 2640 324 2673 tacere
339 2640 355 2673 et
367 2646 412 2682 esse,
427 2647 476 2685 quam
489 2636 576 2685 loaprcmlo
590 2645 623 2671 non
636 2645 679 2671 esse.
696 2632 789 2673 Pulchram

52 2697 78 2730 est
92 2692 163 2738 docere,
182 2692 197 2728 si
216 2692 245 2740 qni
259 2692 309 2737 elicit,
329 2693 374 2729 idem
388 2692 443 2729 iaciat.
470 2692 516 2729 Ilnns
534 2703 575 2741 ergo
593 2690 683 2739 magister,
698 2690 727 2739 qni
742 2690 787 2736 dixit,

84 2801 100 2845 2)
113 2801 189 2835 Sententia
205 2799 275 2833 cohaeret
294 2808 327 2832 orara
343 2805 408 2833 extremo
431 2809 463 2833 essa
476 2798 574 2832 Ctrr’Istioaara
590 2799 622 2831 sirac
639 2800 787 2843 strepitaaerhoaacm

52 2860 64 2881 o.
77 2849 101 2881 14,
122 2848 180 2881 Idcirco
196 2842 362 2886 nonscnsulgenerali
377 2856 410 2878 cum
430 2843 547 2887 interpretanda.

51 2893 92 2928 Italis
103 2893 200 2937 intelligenda
206 2893 220 2935 ,ζ’
227 2892 254 2926 seol
266 2891 323 2925 Srnitho
340 2895 410 2925 monento
461 2891 477 2934 3]
491 2889 520 2925 Cir.
530 2889 572 2924 Ronr.
584 2890 598 2932 2,
612 2889 638 2927 tt,
