1793 3076
291 608 554 670 coadunans

225 761 358 798 EPISTULA
376 761 406 798 no
427 758 589 798 CORINTHIOS
608 759 620 795 l.

141 976 153 1012 l.
180 977 272 1015 Solototto.
299 978 347 1015 Lato
362 978 489 1015 Corinthiorum
502 980 541 1015 cote
555 979 613 1013 ortam
626 974 706 1013 sclat‘soto.

108 1065 184 1104 Ecclesia
197 1066 235 1113 Dei,
255 1078 297 1117 quae
314 1066 377 1105 Romae
395 1066 524 1117 peregrinatur,
542 1065 629 1104 Ecclesiae
648 1065 686 1112 bei,
704 1075 746 1114 quae
761 1064 791 1102 Co·

57 1122 110 1161 rinthi
123 1124 252 1173 peregrinatur,
265 1125 336 1171 vocatis,
356 1123 464 1162 sanctificatis
478 1124 564 1162 rolramate
578 1124 643 1170 diviua,
657 1134 689 1173 per
702 1122 790 1160 bornicum

58 1185 135 1216 nostrum
149 1181 204 1217 lesum
219 1180 310 1218 Christum.
338 1180 394 1218 Gratia
406 1180 455 1217 robis
469 1186 486 1218 et
499 1192 531 1229 pau
545 1179 565 1217 ab
580 1180 696 1227 omnipotente
710 1178 744 1215 Deo
759 1189 791 1227 per

58 1234 114 1271 losum
127 1234 211 1272 Christum
228 1235 355 1285 rrudtiplioetur.
381 1235 453 1284 Propter
471 1235 535 1274 subitas
553 1246 572 1272 ac
592 1234 624 1272 sibi
643 1234 714 1272 inuicem
733 1244 792 1271 sancce-

59 1290 118 1327 deutcs
133 1291 236 1328 calamitates
251 1297 267 1328 ct
281 1303 330 1328 casus
345 1292 431 1337 astirersos
446 1292 475 1340 oui
488 1291 539 1328 uobis
554 1291 662 1336 acciderunt,
674 1289 745 1334 tardius,
759 1289 792 1326 ira·

59 1351 106 1391 tres,
120 1352 188 1384 uosmet
200 1347 247 1397 ipsos
263 1348 366 1386 corruentisse
381 1348 495 1385 existimamus
510 1348 531 1384 ad
545 1359 565 1384 ea
579 1358 621 1396 [puae
635 1346 704 1383 fucrant
717 1345 794 1393 quaesita

59 1402 139 1448 anobis,
154 1404 220 1449 dilecti,
240 1409 256 1441 et
273 1404 293 1441 ad
312 1404 413 1441 seditionem
430 1404 499 1453 impiam
514 1415 534 1441 ao
548 1403 676 1446 detestandam,
690 1402 720 1439 nei
734 1402 793 1439 electis

59 1459 168 1508 peregrinam
186 1465 202 1497 et
220 1460 300 1506 alienam,
319 1472 368 1509 qaiam
385 1460 436 1509 pauci
453 1460 532 1497 homiues
550 1459 637 1497 temerarii
655 1463 672 1496 et
689 1458 761 1496 autlaces
776 1459 793 1495 iu

60 1520 124 1553 tantum
138 1515 239 1553 insolentiae
253 1516 372 1563 accenderunt,
386 1515 527 1554 othonorificum
537 1521 554 1553 et
567 1515 634 1553 illustre
642 1526 705 1552 uonneu
714 1520 793 1561 restrum,

61 1572 111 1610 atah
130 1572 208 1611 oomilms
223 1574 273 1611 anmri
289 1568 368 1622 digmus,
386 1574 496 1611 veliementer
509 1573 662 1622 blasphemaretur.
690 1572 729 1617 Quis
744 1572 794 1618 onim

60 1629 106 1678 apud
120 1640 149 1667 uos
164 1629 266 1676 diversatus,
285 1629 330 1667 onrrti
344 1629 405 1667 uirtute
419 1629 487 1679 plenam
503 1629 603 1679 firmamque
618 1641 637 1667 ac
652 1628 729 1666 stabilem
743 1627 795 1666 ficiens

61 1689 134 1722 vestram
151 1697 186 1723 nou
204 1685 293 1734 probaritt
313 1685 422 1734 sobriamque
440 1691 457 1723 et
475 1685 580 1723 moderatam
597 1686 614 1722 iu
630 1684 697 1722 Christo
715 1685 795 1733 pietatem

60 1753 95 1778 nou
109 1746 135 1779 est
149 1740 252 1779 arlrrriratust
265 1747 282 1779 ot
296 1741 395 1790 splendidos
408 1753 427 1779 ac
439 1741 519 1779 liberales
529 1741 649 1790 hospitalitatis
663 1745 795 1778 vestraemores

61 1809 95 1833 non
109 1798 223 1846 praedicavit?
241 1803 258 1835 et
271 1798 365 1847 perlectam
380 1803 478 1846 certamque
493 1797 608 1846 coguitionem
622 1801 695 1833 uestram
707 1808 742 1833 non
756 1796 795 1833 hea-

61 1859 95 1890 tam
110 1854 222 1889 existimarit?
245 1855 304 1890 causa
317 1854 361 1890 enim
375 1854 412 1890 sine
421 1865 534 1902 personarum
544 1854 606 1890 intuitu
616 1865 625 1889 a
634 1852 682 1889 uobis
691 1852 736 1890 faeta
750 1859 795 1898 suut,

62 1914 78 1947 ot
92 1909 109 1946 iu
122 1909 152 1947 bei
166 1909 233 1958 legibus
247 1909 356 1955 ambulastis,
369 1910 472 1959 praepositis
486 1909 547 1947 uestris
561 1909 634 1955 subditi,
649 1914 666 1947 et
679 1909 796 1958 presbyteros,

63 2064 142 2097 ridebatur
157 2061 264 2110 nessotrophii.
281 2063 320 2096 llhrd
327 2063 420 2106 repetierunt
473 2062 489 2106 7)
502 2062 551 2095 Simili
565 2063 610 2096 ruodo
621 2062 660 2095 intra
672 2074 684 2096 ο,
692 2063 717 2096 ta.
734 2061 754 2096 τὸ
769 2072 798 2096 σε·

63 2108 420 2152 margoCotelorii(idib),Colomesiusttti3ll,
441 2106 487 2154 prato
505 2109 535 2150 τῆς
555 2105 658 2154 περιβοήτου
679 2106 798 2154 φιλαδελφίας

63 2155 148 2187 Wottonus.
164 2154 192 2186 dlii
200 2155 308 2201 γνωρίζομεν
317 2155 373 2196 absquo
381 2154 420 2186 iusta
442 2152 493 2200 ὑμῶν
501 2152 593 2198 ἐμείωσαν.

66 2210 111 2231 catasa
128 2206 220 2241 proponunt.
473 2198 490 2242 8)
503 2200 535 2237 Τίς
548 2197 582 2244 peip
596 2218 618 2222 —
633 2199 677 2232 osso
692 2195 800 2244 ἐπορεύεσθε

98 2245 114 2288 5)
126 2246 147 2277 Eu
162 2246 192 2277 hoo
211 2244 270 2277 dicendi
288 2245 334 2278 modo
352 2245 421 2278 uorrnulli
442 2245 485 2278 locus
506 2245 558 2277 citams
577 2255 585 2276 a
603 2244 679 2277 Clemente
698 2244 799 2277 Alexandrino

66 2290 145 2331 colligunt,
157 2290 259 2330 Christianos,
277 2290 302 2333 qui
314 2290 382 2323 Corinthi
395 2291 421 2322 de-
443 2291 498 2323 Strom.
509 2290 532 2322 IV.
544 2301 556 2322 c.
566 2290 589 2322 17,
601 2300 616 2331 p.
629 2290 664 2323 610,
678 2290 701 2323 cd.
713 2291 752 2323 Pott.

65 2340 125 2377 gerant,
145 2335 192 2368 litoris
203 2347 211 2368 a
222 2336 289 2368 Romano
301 2336 365 2369 ocolosia
376 2347 422 2378 cupa·
475 2336 491 2379 o)
506 2335 535 2368 Ch:
547 2336 574 2378 Ep⁴
586 2336 664 2369 Barnabae
676 2347 688 2369 c.
700 2336 714 2370 b.

65 2382 106 2421 tissa,
118 2386 135 2413 ut
147 2382 166 2413 ad
177 2381 245 2423 ipsorum
258 2382 320 2415 dissidia
333 2383 351 2415 do
361 2392 422 2415 asscissere
477 2391 503 2435 10)
515 2393 557 2425 Hanc
572 2403 605 2425 περ
620 2393 699 2434 genuinam
714 2393 799 2433 pappuml

66 2426 169 2459 ecclesiastico
181 2427 248 2459 sedanda
259 2428 347 2460 auctoritato
360 2438 387 2460 sua
399 2428 423 2460 io-
445 2437 538 2471 commeans
553 2438 615 2480 ,opegjp
631 2449 647 2471 ,X
659 2446 696 2472 sept,
707 2438 716 2472 3
728 2445 743 2471 ,p
753 2436 773 2472 40
785 2444 800 2471 ,1¹

66 2472 154 2505 tercedoret.
176 2472 221 2504 lanata
235 2472 286 2514 potius
303 2473 321 2505 do
336 2473 423 2506 Corinthio·
445 2480 799 2529 fflffippffi'pp,,nmpps'ffipphfflppluom

66 2528 99 2551 rum
110 2517 184 2570 seditione
196 2518 257 2550 Romam
269 2519 344 2560 perlatum
356 2530 388 2552 esso
400 2520 423 2551 ri·
478 2529 504 2573 ῃ)
515 2531 591 2564 pppppppps
601 2527 707 2576 (ἡγούμενοι)
718 2530 800 2562 nouantem

31 2605 33 2608 ⁴
68 2564 114 2597 [lelllb
137 2562 217 2596 Cflstflsffl
230 2565 272 2596 ⁸⁴47
286 2565 423 2606 sslfflltfflsssld‘b
444 2581 479 2609 siant
494 2587 511 2609 ao
524 2578 610 2619 praesbyteri.
631 2577 663 2608 lllis
678 2575 734 2617 quippo
748 2585 800 2607 omues

67 2610 117 2653 ditm·
130 2610 180 2642 ΜΗ
191 2619 205 2651 P·
218 2609 238 2642 54
249 2614 280 2642 ¹1⁰l·
293 2610 307 2642 2·
445 2622 569 2664 aalnmucrautur,
593 2622 617 2664 qui
635 2620 707 2654 ecclesiae
725 2621 801 2663 regendae

100 2666 116 2710 o)
129 2666 165 2700 Cod.
176 2665 215 2699 ntor,
227 2665 287 2707 ξένοις,
299 2667 340 2709 qaut
352 2668 370 2700 ab
383 2678 423 2700 arira·
445 2668 573 2709 acgubemoudae
580 2666 655 2700 constituti
664 2671 703 2707 sum,
717 2677 750 2699 crini
758 2677 802 2709 pres-

67 2712 125 2753 nueusi,
137 2713 238 2754 diphthongos
250 2723 271 2754 oa,
284 2722 307 2755 er,
318 2725 328 2756 η
341 2714 360 2746 ob
372 2714 424 2746 itacis—
445 2714 531 2755 hyterorum
548 2712 607 2745 consino
618 2722 626 2744 a
637 2712 718 2753 primaevis
730 2713 803 2746 Christia-

68 2768 108 2789 mum
119 2768 147 2799 pro
159 2758 202 2790 libitu
213 2762 315 2798 pernrmtauto,
330 2759 385 2799 procul
397 2759 424 2791 du-
446 2759 469 2791 nis
481 2758 593 2799 appellarentur
608 2758 662 2789 fratros
673 2768 705 2790 uon
717 2759 767 2791 solum
780 2759 804 2791 ol-

68 2803 93 2834 bis
105 2803 172 2844 positum
187 2802 215 2835 hait
229 2811 257 2843 pro
273 2802 327 2835 adiret.
339 2802 388 2846 ξένης
400 2804 425 2836 ui-
446 2803 476 2836 hoii
488 2812 537 2843 causa,
549 2802 576 2834 sed
586 2801 630 2834 otiam
642 2802 661 2835 ob
671 2803 749 2837 honorem
772 2803 802 2836 Ctr.

69 2847 103 2880 dem
121 2853 189 2881 sociante.
216 2847 274 2880 lalciroo
291 2847 309 2880 do
331 2849 390 2882 odoratis
409 2851 425 2882 ιἰι
446 2847 516 2889 Lipsius,
532 2847 550 2879 de
564 2846 644 2881 Clementis
657 2848 720 2882 Rotnani
735 2849 804 2892 Epistola

69 2897 150 2926 terracon
162 2893 261 2935 cogitandum.
448 2894 467 2927 ad
483 2892 568 2926 Corinthios
582 2893 634 2937 priore
650 2894 736 2938 disquisitio
753 2905 768 2938 p.
779 2894 804 2928 28.
