1793 3076
147 71 151 80 ,,
178 42 256 81 deliniti
270 44 371 83 helenoti
384 13 410 82 llll
424 43 553 83 sirinnanon
568 44 580 82 Ι,
595 44 614 81 ll.
726 37 763 79 187

31 154 78 194 cruci
91 153 157 194 Domini
171 155 210 195 lesu
218 157 285 205 dimisti,
298 157 354 208 quoad
368 167 436 195 earnem
450 161 467 194 et
480 156 557 209 ahinaam,
572 160 589 195 et
602 155 677 196 lirenates
691 156 708 195 in
723 155 761 194 cira·

31 213 79 251 ritate
93 222 125 262 per
139 214 239 264 sanguinem
252 215 320 261 Christi,
333 212 483 264 persuasissimum
496 213 585 260 hahentes,
599 214 688 252 hominum
702 224 761 253 revera

31 279 69 307 esse
84 279 104 305 en
117 280 179 318 genere
188 272 239 309 Dauid
253 270 347 309 seecundum
361 280 434 314 carricare,
449 268 501 307 lilium
514 270 544 308 nei
558 270 650 309 secundum
659 270 762 309 voluntatem

31 330 48 364 et
59 325 152 374 potentiam
165 327 204 371 liei,
221 330 279 366 matram
292 337 332 363 vere
347 336 366 362 eu
379 325 454 374 uirgine,
473 324 576 374 baptizatum
589 337 599 362 a
612 325 682 371 Ioanne,
700 334 720 378 ut
732 327 762 364 iur-

30 382 107 433 pleretnr
120 381 140 419 alr
155 393 174 420 eo
189 383 243 421 oannis
257 382 326 428 iustitia,
339 393 378 419 vere
393 382 424 419 suh
433 379 494 419 Pontio
504 379 558 420 Pilato
572 387 590 419 ei
601 381 669 420 Herode
677 384 762 421 tetrarcha

32 437 82 476 clavis
98 437 181 476 confixum
196 451 228 488 pro
242 438 292 477 nolris
306 438 324 475 in
338 449 395 475 carne.
421 436 607 475 herimmannus
622 448 680 475 sunrus
693 451 725 487 per
739 439 763 476 di·

30 494 67 531 vine
81 493 147 531 heatanr
161 494 258 544 passionem
273 494 315 540 eius,
329 500 348 532 ut
361 506 392 544 per
402 494 548 532 resurrectionem
559 505 606 533 suam
615 493 631 532 in
643 493 701 533 secula
711 492 764 532 elevet

30 549 110 588 vexilium
122 560 154 599 pro
169 551 232 588 sanctis
246 557 263 589 ct
275 550 354 588 fidelihus
369 551 410 597 sus,
424 550 458 588 sire
472 550 489 587 in
503 550 578 596 ludaeis,
597 550 632 588 sive
649 549 666 587 in
680 549 764 599 gentihus,

31 607 47 645 in
61 617 95 644 urm
110 617 183 656 corpore
196 607 279 646 ecclesiae
293 618 338 645 surae.

30 776 97 815 Domini
111 776 150 815 lesu
164 776 234 824 illinisti,
253 782 287 816 tam
305 788 364 824 carne,
383 788 432 828 qaam
452 776 518 828 spiritu,
537 781 554 814 ct
567 775 650 816 stabilitos
664 777 682 815 in
697 776 765 816 caritate

31 835 48 873 in
62 834 145 884 sauguine
160 834 231 881 Christi,
245 835 296 885 plena
308 834 391 885 firmaque
404 835 438 873 ilde
452 835 542 872 credentes
555 835 573 872 iu
586 835 675 872 Dominum
687 838 765 873 nostrum

31 902 71 929 vere
85 890 176 928 oriundum
190 903 286 940 exgenere
300 891 351 930 Dauid
365 890 460 929 secundum
476 901 549 936 earnem,
562 889 615 928 filium
628 889 658 927 liei
672 890 766 928 secundum

32 946 134 985 voluntatem
150 952 167 985 et
180 947 258 984 virtutem
272 947 306 992 lici,
320 959 360 986 vere
374 953 431 986 natum
445 959 465 985 cu
473 946 547 998 Virgine,
561 947 665 996 haptizatum
678 947 766 993 aleaume,

31 1007 50 1043 ut
65 1002 165 1052 impleretur
179 1003 199 1041 ah
212 1003 250 1052 ipsa
269 1003 324 1041 carinis
341 1004 415 1051 institia3
433 1003 464 1042 suh
478 1002 539 1041 Pontio
552 1002 605 1041 Pilato
626 1007 643 1041 et
656 1001 725 1042 Herode
742 1007 766 1041 te·

31 1059 100 1097 trarcha
113 1068 153 1096 vere
167 1059 214 1096 cruci
228 1058 295 1097 alfinnn
308 1072 340 1110 pro
355 1060 405 1097 nohis
419 1061 436 1097 in
451 1070 511 1097 carne:
533 1059 553 1096 de
568 1071 601 1109 quo
616 1059 673 1097 lructu
686 1070 718 1096 rios
738 1071 764 1097 sn-

31 1127 69 1155 mus
83 1126 114 1165 per
129 1114 201 1154 divinem
214 1114 314 1165 heatamqne
328 1117 364 1155 eins
379 1116 486 1166 pensionem,
502 1120 521 1154 ιιι
534 1115 683 1165 tolleretsignum
701 1116 719 1154 in
739 1127 765 1154 se·

32 1171 70 1212 cula
83 1183 114 1222 per
128 1172 272 1211 resurrectionem
286 1174 349 1211 sanctis
363 1178 380 1211 ct
393 1172 471 1211 fidelihus
487 1173 532 1220 suis,
551 1174 585 1211 sive
603 1173 621 1211 iu
635 1172 712 1220 ludaeis,
730 1173 765 1211 sire

32 1231 49 1268 iu
63 1229 141 1280 gentihus
155 1229 218 1268 iruerint
231 1230 248 1267 in
261 1240 295 1268 arno
310 1241 383 1279 corpore
397 1229 484 1268 Ecclesiae
498 1241 544 1268 surae.

112 1449 131 1488 ll.
158 1449 235 1488 tartaros
248 1449 385 1488 carcinomate
397 1460 462 1500 pessos
475 1453 504 1489 est.
532 1450 596 1488 Contra
609 1449 689 1487 Decolor.

86 1564 145 1602 Omnia
158 1569 214 1601 autem
227 1562 270 1600 haee
284 1574 346 1612 passus
361 1566 387 1599 est
399 1566 471 1612 prepter
484 1573 521 1609 nos,
535 1567 554 1602 ut
568 1562 639 1601 salutern
652 1574 768 1614 ccrrsequere·

33 1633 76 1660 ruur.
102 1621 123 1659 Et
136 1632 195 1658 revera
208 1631 269 1669 passus
285 1623 316 1665 est,
329 1624 349 1658 ut
363 1623 379 1657 et
392 1630 452 1657 revera
466 1620 541 1670 seipsum
555 1619 681 1666 rescuscitavit3
696 1633 736 1668 noir,
750 1627 769 1660 ιιι

34 1678 103 1729 quidam
116 1676 194 1715 infideles
208 1676 275 1723 dicunt,
294 1676 388 1715 secundum
402 1678 518 1726 apparentiam
532 1688 570 1715 eum
583 1688 653 1726 passum
667 1688 715 1724 esse,
735 1678 768 1728 ipsi

34 1734 128 1773 secundum
142 1732 257 1784 apparentiam
269 1732 371 1779 existentem
385 1736 402 1771 et
415 1733 567 1782 quaemadmodum
581 1733 653 1784 sapiunt,
667 1734 692 1773 sie
701 1740 718 1773 et
728 1745 767 1773 eorr-

35 1792 89 1841 tinget
102 1791 133 1838 eis,
148 1791 210 1840 quippe
224 1790 253 1839 qui
266 1789 368 1839 phantastici
381 1790 415 1827 sint
428 1794 445 1827 et
459 1790 544 1828 diaholici.

87 1955 122 1998 *IL
148 1960 194 1998 Haec
213 1960 257 1996 euim
275 1960 331 1997 orrrrria
350 1970 410 2008 passus
431 1964 457 1996 cst
474 1965 544 2009 prepter
562 1971 603 2006 noe,
618 1966 637 1999 ut
654 1962 769 2009 salvarernur3

36 2022 53 2054 et
71 2029 111 2054 rere
130 2028 191 2065 passus
208 2021 243 2061 est,
263 2015 406 2065 quemadmodum
426 2020 443 2051 et
459 2028 499 2054 rere
520 2018 629 2054 resuscitarit
652 2019 769 2068 semetipsum.

36 2073 73 2111 Non
87 2078 107 2111 ni
120 2073 188 2122 [putidam
201 2072 281 2109 ineruditi
295 2083 332 2109 eum
347 2071 383 2108 sola
397 2070 476 2121 opinione
491 2084 561 2122 passum
575 2072 668 2119 ellinhard,
688 2074 720 2124 ipsi
734 2076 770 2113 sola

36 2130 117 2181 opinione
130 2129 229 2174 existentes,
243 2133 260 2166 et
273 2132 291 2165 ιιι
305 2129 390 2175 sentiunt,
404 2128 427 2166 ita
442 2140 511 2179 quoqne
530 2130 596 2168 eueniet
614 2131 665 2181 ipsis,
686 2132 715 2180 quii
732 2143 770 2171 cor·

36 2198 78 2238 pore
93 2186 137 2225 cessi
151 2190 168 2224 et
181 2185 285 2224 daemoniaci
299 2190 344 2223 suut.

38 2321 167 2329 Μ

69 2411 86 2455 3)
97 2411 139 2444 Uudc
151 2410 166 2442 hi
178 2407 253 2441 Haeretici
261 2407 343 2449 „frenarat
361 2407 392 2440 Eo·
413 2408 460 2442 tradit
473 2410 552 2450 irenaeus,
565 2411 580 2450 i,
592 2408 617 2442 ei.
631 2410 667 2453 (24,
679 2411 693 2444 2.
708 2423 723 2454 p.
736 2412 771 2445 100.

37 2468 70 2492 rum
82 2457 124 2499 origo
136 2467 144 2488 a
157 2455 217 2489 Simone
228 2454 276 2495 hlago
299 2452 326 2485 llis
343 2457 392 2486 autem
414 2455 437 2488 ed.
453 2455 529 2497 hlassuct]
543 2461 557 2489 et
575 2461 610 2497 post
626 2466 659 2490 crim
674 2458 770 2501 Epiphanes;

37 2503 99 2537 nrausime
112 2503 128 2535 in
146 2501 238 2543 Episcopatu
255 2499 318 2532 inlestus
336 2502 359 2532 est
377 2500 392 2532 S.
415 2501 440 2543 [pri
453 2501 497 2534 otiam
509 2501 560 2534 docuit
569 2501 662 2535 Salrutorcm
671 2505 735 2545 prolative
746 2505 770 2536 ar·-

38 2549 108 2592 lgnatins.
130 2548 167 2581 llam
178 2545 265 2588 Menander,
278 2544 361 2586 [liscipulns
369 2545 393 2579 Si·
415 2558 448 2580 alirn
463 2548 544 2588 lrerrainenr,
561 2552 576 2580 ct
594 2545 616 2581 τὰ
631 2543 689 2582 πάντα
709 2547 727 2582 ta
746 2550 770 2592 τῷ

38 2596 87 2630 monis
100 2595 182 2633 etDoccla¹
194 2591 250 2633 Ignatio
258 2591 353 2634 spuclnouus
361 2591 393 2625 init.
416 2590 474 2628 traete
485 2593 603 2636 πεποιηκέναι.
618 2593 685 2627 Paulson,
708 2593 738 2626 Cir.
751 2595 770 2627 ad

38 2643 59 2676 De
71 2652 88 2674 eo
100 2640 164 2674 lustinus
175 2639 231 2679 hiartpr
241 2636 294 2679 paucis
306 2637 347 2669 anuis
359 2643 395 2679 post
416 2639 461 2672 Trall.
474 2650 486 2672 c.
498 2638 521 2671 10.
532 2646 535 2649 ’

38 2685 91 2729 ignatii
102 2685 196 2729 hlartpriuni:
208 2680 316 2729 Μένανδρον
328 2708 331 2715 .
343 2708 347 2717 ,
359 2708 363 2716 .
375 2681 394 2719 ἓν

34 2732 130 2778 Ἀντιοχείᾳ
144 2728 247 2777 γενόμενοι,
265 2725 339 2767 πολλοὺς
355 2727 394 2768 ἐξα·
444 2727 463 2770 ¹4)
474 2728 552 2762 Eiusmodi
573 2730 689 2771 parouornasiac
710 2733 771 2776 caepim

38 2780 117 2821 πατῆσαι
128 2775 159 2814 dih
165 2776 239 2824 μιιγικῆς
247 2774 307 2819 τέχνης
314 2772 393 2821 oi'drrprer.
415 2775 456 2818 apud
467 2774 538 2816 ignatium
549 2774 626 2817 leguntur,
642 2787 654 2810 e.
666 2787 679 2819 g.
691 2778 706 2811 in
717 2779 771 2812 inscri-

39 2825 89 2867 (hpol.
102 2826 115 2858 l.
130 2835 143 2857 c.
155 2824 179 2857 nt.
194 2822 233 2864 dpp
246 2830 262 2863 p.
275 2820 299 2853 59.
316 2820 339 2853 ed.
351 2821 394 2863 heu.)
415 2821 467 2864 ptioue
479 2819 551 2862 epistolae
563 2820 582 2853 ad
593 2821 702 2866 Polycarpum,
717 2825 733 2858 in
744 2824 771 2868 Ep}

39 2870 116 2904 llenandri
131 2868 213 2912 discipulus
228 2871 260 2900 crat
271 2865 364 2910 Saturnilus,
378 2873 395 2901 ut
416 2867 435 2901 ad
448 2867 489 2900 Rom.
500 2876 512 2899 c.
525 2865 539 2906 8,
551 2866 570 2900 ad
581 2866 628 2903 Trall.
640 2880 653 2903 c.
664 2871 678 2904 5.
690 2871 707 2906 li.
