<?xml version="1.0" encoding="UTF-8"?>
<!DOCTYPE html PUBLIC "-//W3C//DTD XHTML 1.0 Transitional//EN"
    "http://www.w3.org/TR/xhtml1/DTD/xhtml1-transitional.dtd">
<html xmlns="http://www.w3.org/1999/xhtml" xml:lang="en" lang="en">
 <head>
  <title>
</title>
<meta http-equiv="Content-Type" content="text/html;charset=utf-8" />
  <meta name='ocr-system' content='tesseract 3.04.00' />
  <meta name='ocr-capabilities' content='ocr_page ocr_carea ocr_par ocr_line ocrx_word'/>
</head>
<body>
  <div class='ocr_page' id='page_1' title='image "./MN40294ucmf_1/MN40294ucmf_1_0569.png"; bbox 0 0 1793 3076; ppageno 0'>
   <div class='ocr_carea' id='block_1_1' title="bbox 160 46 793 122">
    <p class='ocr_par' dir='ltr' id='par_1_1' title="bbox 160 46 793 122">
     <span class='ocr_line' id='line_1_1' title="bbox 160 46 793 122; baseline 0.013 -20"><span class='ocrx_word' id='word_1_1' title='bbox 160 46 245 104; x_wconf 74' lang='lat' dir='ltr'>nuntiate</span> <span class='ocrx_word' id='word_1_2' title='bbox 258 66 344 108; x_wconf 80' lang='lat' dir='ltr'><strong>PASTOR.</strong></span> <span class='ocrx_word' id='word_1_3' title='bbox 371 69 432 110; x_wconf 80' lang='lat' dir='ltr'>LIBER</span> <span class='ocrx_word' id='word_1_4' title='bbox 444 70 464 110; x_wconf 91' lang='lat' dir='ltr'>ll.</span> <span class='ocrx_word' id='word_1_5' title='bbox 490 71 580 112; x_wconf 82' lang='lat' dir='ltr'>ttlnntt.</span> <span class='ocrx_word' id='word_1_6' title='bbox 593 72 619 111; x_wconf 89' lang='lat' dir='ltr'>lV.</span> <span class='ocrx_word' id='word_1_7' title='bbox 634 73 653 114; x_wconf 83' lang='lat' dir='ltr'>ll.</span> <span class='ocrx_word' id='word_1_8' title='bbox 668 69 695 122; x_wconf 72' lang='lat' dir='ltr'>(l</span> <span class='ocrx_word' id='word_1_9' title='bbox 755 68 793 112; x_wconf 79' lang='lat'>453</span> 
     </span>
    </p>
   </div>
   <div class='ocr_carea' id='block_1_2' title="bbox 56 176 807 452">
    <p class='ocr_par' dir='ltr' id='par_1_2' title="bbox 56 176 807 452">
     <span class='ocr_line' id='line_1_2' title="bbox 56 176 807 234; baseline 0.012 -18"><span class='ocrx_word' id='word_1_10' title='bbox 56 178 95 227; x_wconf 80' lang='lat' dir='ltr'>agit,</span> <span class='ocrx_word' id='word_1_11' title='bbox 109 176 192 216; x_wconf 84' lang='lat' dir='ltr'>eiusmodi</span> <span class='ocrx_word' id='word_1_12' title='bbox 206 185 262 217; x_wconf 86' lang='lat' dir='ltr'>seelae</span> <span class='ocrx_word' id='word_1_13' title='bbox 280 182 330 220; x_wconf 88' lang='lat' dir='ltr'>homo</span> <span class='ocrx_word' id='word_1_14' title='bbox 350 184 392 221; x_wconf 82' lang='lat' dir='ltr'>nihil</span> <span class='ocrx_word' id='word_1_15' title='bbox 410 185 499 234; x_wconf 79' lang='lat' dir='ltr'>proficiet,</span> <span class='ocrx_word' id='word_1_16' title='bbox 513 191 535 224; x_wconf 87' lang='lat' dir='ltr'>et</span> <span class='ocrx_word' id='word_1_17' title='bbox 554 186 622 225; x_wconf 78' lang='lat' dir='ltr'>difficile</span> <span class='ocrx_word' id='word_1_18' title='bbox 635 181 685 226; x_wconf 62' lang='lat' dir='ltr'>&#39;vivet</span> <span class='ocrx_word' id='word_1_19' title='bbox 703 188 743 225; x_wconf 79' lang='lat' dir='ltr'>lleo.</span> <span class='ocrx_word' id='word_1_20' title='bbox 770 187 807 225; x_wconf 74' lang='lat' dir='ltr'>ut</span> 
     </span>
     <span class='ocr_line' id='line_1_3' title="bbox 57 231 789 290; baseline 0.012 -18"><span class='ocrx_word' id='word_1_21' title='bbox 57 232 94 272; x_wconf 80' lang='lat' dir='ltr'>dini</span> <span class='ocrx_word' id='word_1_22' title='bbox 103 231 136 270; x_wconf 86' lang='lat' dir='ltr'>illi:</span> <span class='ocrx_word' id='word_1_23' title='bbox 151 234 225 282; x_wconf 80' lang='lat' dir='ltr'>domine7</span> <span class='ocrx_word' id='word_1_24' title='bbox 238 244 330 277; x_wconf 78' lang='lat' dir='ltr'>rationales</span> <span class='ocrx_word' id='word_1_25' title='bbox 344 252 391 287; x_wconf 75' lang='lat' dir='ltr'>serm,</span> <span class='ocrx_word' id='word_1_26' title='bbox 406 245 422 279; x_wconf 89' lang='lat' dir='ltr'>et</span> <span class='ocrx_word' id='word_1_27' title='bbox 435 242 468 279; x_wconf 84' lang='lat' dir='ltr'>rita</span> <span class='ocrx_word' id='word_1_28' title='bbox 481 242 522 280; x_wconf 88' lang='lat' dir='ltr'>mtht</span> <span class='ocrx_word' id='word_1_29' title='bbox 540 243 671 290; x_wconf 70' lang='lat' dir='ltr'>retributorem,</span> <span class='ocrx_word' id='word_1_30' title='bbox 692 245 734 282; x_wconf 89' lang='lat' dir='ltr'>haee</span> <span class='ocrx_word' id='word_1_31' title='bbox 749 256 758 282; x_wconf 91' lang='lat' dir='ltr'>a</span> <span class='ocrx_word' id='word_1_32' title='bbox 773 248 789 281; x_wconf 90' lang='lat' dir='ltr'>te</span> 
     </span>
     <span class='ocr_line' id='line_1_4' title="bbox 57 290 789 349; baseline 0.015 -22"><span class='ocrx_word' id='word_1_33' title='bbox 57 290 146 337; x_wconf 71' lang='lat' dir='ltr'>diligenter</span> <span class='ocrx_word' id='word_1_34' title='bbox 159 291 235 328; x_wconf 84' lang='lat' dir='ltr'>audiens.</span> <span class='ocrx_word' id='word_1_35' title='bbox 261 293 300 330; x_wconf 87' lang='lat' dir='ltr'>Seio</span> <span class='ocrx_word' id='word_1_36' title='bbox 315 296 359 332; x_wconf 84' lang='lat' dir='ltr'>eninr</span> <span class='ocrx_word' id='word_1_37' title='bbox 372 297 452 342; x_wconf 85' lang='lat' dir='ltr'>lntnrrnn,</span> <span class='ocrx_word' id='word_1_38' title='bbox 466 299 481 335; x_wconf 92' lang='lat' dir='ltr'>si</span> <span class='ocrx_word' id='word_1_39' title='bbox 495 299 581 346; x_wconf 76' lang='lat' dir='ltr'>prioribus</span> <span class='ocrx_word' id='word_1_40' title='bbox 595 301 671 349; x_wconf 82' lang='lat' dir='ltr'>pereatis</span> <span class='ocrx_word' id='word_1_41' title='bbox 684 300 726 338; x_wconf 81' lang='lat' dir='ltr'>nihil</span> <span class='ocrx_word' id='word_1_42' title='bbox 744 300 789 338; x_wconf 89' lang='lat' dir='ltr'>adie-</span> 
     </span>
     <span class='ocr_line' id='line_1_5' title="bbox 57 345 788 401; baseline 0.014 -18"><span class='ocrx_word' id='word_1_43' title='bbox 57 355 102 391; x_wconf 86' lang='lat' dir='ltr'>oero,</span> <span class='ocrx_word' id='word_1_44' title='bbox 117 345 180 383; x_wconf 83' lang='lat' dir='ltr'>salvum</span> <span class='ocrx_word' id='word_1_45' title='bbox 193 357 221 383; x_wconf 91' lang='lat' dir='ltr'>me</span> <span class='ocrx_word' id='word_1_46' title='bbox 234 358 272 384; x_wconf 84' lang='lat' dir='ltr'>esse</span> <span class='ocrx_word' id='word_1_47' title='bbox 285 360 343 396; x_wconf 89' lang='lat' dir='ltr'>posse.</span> <span class='ocrx_word' id='word_1_48' title='bbox 370 350 390 387; x_wconf 82' lang='lat' dir='ltr'>llt</span> <span class='ocrx_word' id='word_1_49' title='bbox 403 352 488 389; x_wconf 86' lang='lat' dir='ltr'>aitmihi:</span> <span class='ocrx_word' id='word_1_50' title='bbox 510 354 564 392; x_wconf 87' lang='lat' dir='ltr'>salvus</span> <span class='ocrx_word' id='word_1_51' title='bbox 583 354 616 392; x_wconf 91' lang='lat' dir='ltr'>eris</span> <span class='ocrx_word' id='word_1_52' title='bbox 634 360 651 393; x_wconf 91' lang='lat' dir='ltr'>et</span> <span class='ocrx_word' id='word_1_53' title='bbox 665 360 683 393; x_wconf 87' lang='lat' dir='ltr'>tu</span> <span class='ocrx_word' id='word_1_54' title='bbox 697 355 788 401; x_wconf 74' lang='lat' dir='ltr'>atomum,</span> 
     </span>
     <span class='ocr_line' id='line_1_6' title="bbox 56 401 706 452; baseline 0.008 -14"><span class='ocrx_word' id='word_1_55' title='bbox 56 401 159 452; x_wconf 79' lang='lat' dir='ltr'>quionrnqne</span> <span class='ocrx_word' id='word_1_56' title='bbox 174 402 231 440; x_wconf 91' lang='lat' dir='ltr'>eadem</span> <span class='ocrx_word' id='word_1_57' title='bbox 245 403 311 440; x_wconf 84' lang='lat' dir='ltr'>feeerit.</span> <span class='ocrx_word' id='word_1_58' title='bbox 624 405 626 407; x_wconf 79' lang='grc'><strong>’</strong></span> <span class='ocrx_word' id='word_1_59' title='bbox 704 418 706 422; x_wconf 76' lang='grc'><strong>’</strong></span> 
     </span>
    </p>
   </div>
   <div class='ocr_carea' id='block_1_3' title="bbox 56 487 792 1104">
    <p class='ocr_par' dir='ltr' id='par_1_3' title="bbox 56 487 792 1104">
     <span class='ocr_line' id='line_1_7' title="bbox 108 487 789 550; baseline 0.019 -24"><span class='ocrx_word' id='word_1_60' title='bbox 108 487 132 537; x_wconf 84' lang='lat' dir='ltr'>(a)</span> <span class='ocrx_word' id='word_1_61' title='bbox 146 490 171 527; x_wconf 78' lang='lat' dir='ltr'>nt</span> <span class='ocrx_word' id='word_1_62' title='bbox 198 491 303 540; x_wconf 71' lang='lat' dir='ltr'>Interrogavi</span> <span class='ocrx_word' id='word_1_63' title='bbox 318 493 379 529; x_wconf 72' lang='lat' dir='ltr'>[deinde</span> <span class='ocrx_word' id='word_1_64' title='bbox 393 493 439 530; x_wconf 89' lang='lat' dir='ltr'>illnm</span> <span class='ocrx_word' id='word_1_65' title='bbox 454 499 471 531; x_wconf 88' lang='lat' dir='ltr'>et</span> <span class='ocrx_word' id='word_1_66' title='bbox 484 495 525 531; x_wconf 82' lang='lat' dir='ltr'>dini:</span> <span class='ocrx_word' id='word_1_67' title='bbox 539 497 612 543; x_wconf 88' lang='lat' dir='ltr'>domine,</span> <span class='ocrx_word' id='word_1_68' title='bbox 624 503 747 549; x_wconf 86' lang='lat' dir='ltr'>quatenusper</span> <span class='ocrx_word' id='word_1_69' title='bbox 760 513 789 550; x_wconf 91' lang='lat' dir='ltr'>pa·</span> 
     </span>
     <span class='ocr_line' id='line_1_8' title="bbox 57 547 790 602; baseline 0.011 -17"><span class='ocrx_word' id='word_1_70' title='bbox 57 547 131 585; x_wconf 88' lang='lat' dir='ltr'>tientiam</span> <span class='ocrx_word' id='word_1_71' title='bbox 145 550 191 584; x_wconf 91' lang='lat' dir='ltr'>tuam</span> <span class='ocrx_word' id='word_1_72' title='bbox 204 547 245 584; x_wconf 86' lang='lat' dir='ltr'>inihi</span> <span class='ocrx_word' id='word_1_73' title='bbox 259 548 348 596; x_wconf 73' lang='lat' dir='ltr'>indulgere</span> <span class='ocrx_word' id='word_1_74' title='bbox 362 549 439 597; x_wconf 78' lang='lat' dir='ltr'>coepisti,</span> <span class='ocrx_word' id='word_1_75' title='bbox 453 549 504 587; x_wconf 89' lang='lat' dir='ltr'>etiarn</span> <span class='ocrx_word' id='word_1_76' title='bbox 517 550 551 588; x_wconf 86' lang='lat' dir='ltr'>hoo</span> <span class='ocrx_word' id='word_1_77' title='bbox 562 552 690 602; x_wconf 86' lang='lat' dir='ltr'>mihienplana.</span> <span class='ocrx_word' id='word_1_78' title='bbox 715 556 735 592; x_wconf 83' lang='lat' dir='ltr'>Et</span> <span class='ocrx_word' id='word_1_79' title='bbox 749 556 790 593; x_wconf 81' lang='lat' dir='ltr'>dixit</span> 
     </span>
     <span class='ocr_line' id='line_1_9' title="bbox 56 602 790 658; baseline 0.008 -16"><span class='ocrx_word' id='word_1_80' title='bbox 56 603 106 643; x_wconf 83' lang='lat' dir='ltr'>milri:</span> <span class='ocrx_word' id='word_1_81' title='bbox 121 602 153 639; x_wconf 85' lang='lat' dir='ltr'>dle.</span> <span class='ocrx_word' id='word_1_82' title='bbox 180 602 201 639; x_wconf 81' lang='lat' dir='ltr'>Ilt</span> <span class='ocrx_word' id='word_1_83' title='bbox 214 602 247 640; x_wconf 84' lang='lat' dir='ltr'>diri</span> <span class='ocrx_word' id='word_1_84' title='bbox 262 602 295 640; x_wconf 90' lang='lat' dir='ltr'>illi:</span> <span class='ocrx_word' id='word_1_85' title='bbox 309 603 376 646; x_wconf 87' lang='lat' dir='ltr'>mulier,</span> <span class='ocrx_word' id='word_1_86' title='bbox 391 603 465 649; x_wconf 86' lang='lat' dir='ltr'>domine,</span> <span class='ocrx_word' id='word_1_87' title='bbox 479 604 505 642; x_wconf 91' lang='lat' dir='ltr'>rel</span> <span class='ocrx_word' id='word_1_88' title='bbox 514 605 538 643; x_wconf 87' lang='lat' dir='ltr'>vir</span> <span class='ocrx_word' id='word_1_89' title='bbox 549 606 668 645; x_wconf 83' lang='lat' dir='ltr'>dormitionem</span> <span class='ocrx_word' id='word_1_90' title='bbox 682 610 790 658; x_wconf 86' lang='lat' dir='ltr'>siaroeperit</span> 
     </span>
     <span class='ocr_line' id='line_1_10' title="bbox 57 659 790 713; baseline 0.005 -15"><span class='ocrx_word' id='word_1_91' title='bbox 57 670 100 698; x_wconf 77' lang='lat' dir='ltr'>irrites</span> <span class='ocrx_word' id='word_1_92' title='bbox 115 670 135 696; x_wconf 84' lang='lat' dir='ltr'>en</span> <span class='ocrx_word' id='word_1_93' title='bbox 148 659 181 696; x_wconf 85' lang='lat' dir='ltr'>illis</span> <span class='ocrx_word' id='word_1_94' title='bbox 196 664 213 696; x_wconf 90' lang='lat' dir='ltr'>et</span> <span class='ocrx_word' id='word_1_95' title='bbox 226 660 270 697; x_wconf 85' lang='lat' dir='ltr'>alter</span> <span class='ocrx_word' id='word_1_96' title='bbox 286 665 327 709; x_wconf 84' lang='lat' dir='ltr'>post</span> <span class='ocrx_word' id='word_1_97' title='bbox 344 666 415 698; x_wconf 88' lang='lat' dir='ltr'>mortem</span> <span class='ocrx_word' id='word_1_98' title='bbox 434 661 504 699; x_wconf 87' lang='lat' dir='ltr'>alterins</span> <span class='ocrx_word' id='word_1_99' title='bbox 517 662 586 711; x_wconf 88' lang='lat' dir='ltr'>nuptias</span> <span class='ocrx_word' id='word_1_100' title='bbox 604 664 711 712; x_wconf 71' lang='lat' dir='ltr'>cognoverit,</span> <span class='ocrx_word' id='word_1_101' title='bbox 726 676 790 713; x_wconf 85' lang='lat' dir='ltr'>quaero</span> 
     </span>
     <span class='ocr_line' id='line_1_11' title="bbox 57 714 792 769; baseline 0.004 -14"><span class='ocrx_word' id='word_1_102' title='bbox 57 717 77 763; x_wconf 83' lang='lat' dir='ltr'>si,</span> <span class='ocrx_word' id='word_1_103' title='bbox 92 727 129 753; x_wconf 83' lang='lat' dir='ltr'>amn</span> <span class='ocrx_word' id='word_1_104' title='bbox 143 715 176 753; x_wconf 91' lang='lat' dir='ltr'>hoo</span> <span class='ocrx_word' id='word_1_105' title='bbox 190 714 259 761; x_wconf 75' lang='lat' dir='ltr'>lecerit,</span> <span class='ocrx_word' id='word_1_106' title='bbox 273 720 334 766; x_wconf 74' lang='lat' dir='ltr'>peceat</span> <span class='ocrx_word' id='word_1_107' title='bbox 348 721 376 754; x_wconf 91' lang='lat' dir='ltr'>ant</span> <span class='ocrx_word' id='word_1_108' title='bbox 389 727 428 755; x_wconf 90' lang='lat' dir='ltr'>non.</span> <span class='ocrx_word' id='word_1_109' title='bbox 454 717 475 755; x_wconf 80' lang='lat' dir='ltr'>bt</span> <span class='ocrx_word' id='word_1_110' title='bbox 488 717 510 756; x_wconf 90' lang='lat' dir='ltr'>ait</span> <span class='ocrx_word' id='word_1_111' title='bbox 522 718 576 756; x_wconf 78' lang='lat' dir='ltr'>mihi:</span> <span class='ocrx_word' id='word_1_112' title='bbox 589 729 624 757; x_wconf 91' lang='lat' dir='ltr'>non</span> <span class='ocrx_word' id='word_1_113' title='bbox 637 724 701 769; x_wconf 83' lang='lat' dir='ltr'>peceat.</span> <span class='ocrx_word' id='word_1_114' title='bbox 729 720 763 758; x_wconf 85' lang='lat' dir='ltr'>Sed</span> <span class='ocrx_word' id='word_1_115' title='bbox 777 721 792 758; x_wconf 90' lang='lat' dir='ltr'>si</span> 
     </span>
     <span class='ocr_line' id='line_1_12' title="bbox 57 771 790 826; baseline 0.004 -15"><span class='ocrx_word' id='word_1_116' title='bbox 57 771 159 811; x_wconf 86' lang='lat' dir='ltr'>continuerit</span> <span class='ocrx_word' id='word_1_117' title='bbox 173 784 191 809; x_wconf 94' lang='lat' dir='ltr'>se</span> <span class='ocrx_word' id='word_1_118' title='bbox 206 778 222 809; x_wconf 88' lang='lat' dir='ltr'>el</span> <span class='ocrx_word' id='word_1_119' title='bbox 236 772 261 810; x_wconf 90' lang='lat' dir='ltr'>sio</span> <span class='ocrx_word' id='word_1_120' title='bbox 274 774 360 818; x_wconf 81' lang='lat' dir='ltr'>niariserit,</span> <span class='ocrx_word' id='word_1_121' title='bbox 374 785 452 822; x_wconf 78' lang='lat' dir='ltr'>magnam</span> <span class='ocrx_word' id='word_1_122' title='bbox 466 774 498 812; x_wconf 89' lang='lat' dir='ltr'>sihi</span> <span class='ocrx_word' id='word_1_123' title='bbox 511 774 581 824; x_wconf 78' lang='lat' dir='ltr'>gloriam</span> <span class='ocrx_word' id='word_1_124' title='bbox 590 775 664 825; x_wconf 79' lang='lat' dir='ltr'>adquirit</span> <span class='ocrx_word' id='word_1_125' title='bbox 673 777 718 826; x_wconf 88' lang='lat' dir='ltr'>apud</span> <span class='ocrx_word' id='word_1_126' title='bbox 728 775 790 823; x_wconf 79' lang='lat' dir='ltr'>Deum,</span> 
     </span>
     <span class='ocr_line' id='line_1_13' title="bbox 56 827 790 880; baseline 0.004 -13"><span class='ocrx_word' id='word_1_127' title='bbox 56 840 95 867; x_wconf 77' lang='lat' dir='ltr'>nana</span> <span class='ocrx_word' id='word_1_128' title='bbox 109 828 123 866; x_wconf 92' lang='lat' dir='ltr'>si</span> <span class='ocrx_word' id='word_1_129' title='bbox 137 827 204 878; x_wconf 77' lang='lat' dir='ltr'>irreptias</span> <span class='ocrx_word' id='word_1_130' title='bbox 218 828 283 875; x_wconf 78' lang='lat' dir='ltr'>lecerit,</span> <span class='ocrx_word' id='word_1_131' title='bbox 296 840 331 866; x_wconf 86' lang='lat' dir='ltr'>non</span> <span class='ocrx_word' id='word_1_132' title='bbox 344 835 409 879; x_wconf 91' lang='lat' dir='ltr'>peeoat.</span> <span class='ocrx_word' id='word_1_133' title='bbox 436 830 487 869; x_wconf 83' lang='lat' dir='ltr'>Serra</span> <span class='ocrx_word' id='word_1_134' title='bbox 494 830 545 880; x_wconf 78' lang='lat' dir='ltr'>igitur</span> <span class='ocrx_word' id='word_1_135' title='bbox 551 831 657 869; x_wconf 82' lang='lat' dir='ltr'>sanctitatem</span> <span class='ocrx_word' id='word_1_136' title='bbox 666 837 682 869; x_wconf 91' lang='lat' dir='ltr'>et</span> <span class='ocrx_word' id='word_1_137' title='bbox 690 832 790 879; x_wconf 76' lang='lat' dir='ltr'>castitatem,</span> 
     </span>
     <span class='ocr_line' id='line_1_14' title="bbox 57 885 788 937; baseline 0.003 -12"><span class='ocrx_word' id='word_1_138' title='bbox 57 890 74 925; x_wconf 89' lang='lat' dir='ltr'>et</span> <span class='ocrx_word' id='word_1_139' title='bbox 87 885 132 923; x_wconf 84' lang='lat' dir='ltr'>vires</span> <span class='ocrx_word' id='word_1_140' title='bbox 146 885 186 923; x_wconf 85' lang='lat' dir='ltr'>lleo.</span> <span class='ocrx_word' id='word_1_141' title='bbox 212 885 263 933; x_wconf 85' lang='lat' dir='ltr'>llaec,</span> <span class='ocrx_word' id='word_1_142' title='bbox 277 897 320 936; x_wconf 86' lang='lat' dir='ltr'>qnae</span> <span class='ocrx_word' id='word_1_143' title='bbox 333 886 364 924; x_wconf 86' lang='lat' dir='ltr'>tihi</span> <span class='ocrx_word' id='word_1_144' title='bbox 378 886 415 925; x_wconf 87' lang='lat' dir='ltr'>dieo</span> <span class='ocrx_word' id='word_1_145' title='bbox 430 892 447 925; x_wconf 91' lang='lat' dir='ltr'>et</span> <span class='ocrx_word' id='word_1_146' title='bbox 460 887 540 937; x_wconf 79' lang='lat' dir='ltr'>deinceps</span> <span class='ocrx_word' id='word_1_147' title='bbox 559 888 635 927; x_wconf 74' lang='lat' dir='ltr'>illaturus</span> <span class='ocrx_word' id='word_1_148' title='bbox 654 900 701 936; x_wconf 78' lang='lat' dir='ltr'>sarm,</span> <span class='ocrx_word' id='word_1_149' title='bbox 715 889 788 927; x_wconf 84' lang='lat' dir='ltr'>onstodl.</span> 
     </span>
     <span class='ocr_line' id='line_1_15' title="bbox 56 941 788 991; baseline 0.004 -11"><span class='ocrx_word' id='word_1_150' title='bbox 56 943 80 980; x_wconf 78' lang='lat' dir='ltr'>Es</span> <span class='ocrx_word' id='word_1_151' title='bbox 92 943 126 979; x_wconf 86' lang='lat' dir='ltr'>hoo</span> <span class='ocrx_word' id='word_1_152' title='bbox 138 941 183 978; x_wconf 89' lang='lat' dir='ltr'>enim</span> <span class='ocrx_word' id='word_1_153' title='bbox 196 947 273 990; x_wconf 84' lang='lat' dir='ltr'>ternpore</span> <span class='ocrx_word' id='word_1_154' title='bbox 285 942 311 980; x_wconf 64' lang='lat' dir='ltr'>ivel</span> <span class='ocrx_word' id='word_1_155' title='bbox 329 955 349 980; x_wconf 83' lang='lat' dir='ltr'>ex</span> <span class='ocrx_word' id='word_1_156' title='bbox 368 955 401 991; x_wconf 81' lang='lat' dir='ltr'>qrro</span> <span class='ocrx_word' id='word_1_157' title='bbox 415 944 456 981; x_wconf 83' lang='lat' dir='ltr'>niihi</span> <span class='ocrx_word' id='word_1_158' title='bbox 474 944 546 982; x_wconf 78' lang='lat' dir='ltr'>traditus</span> <span class='ocrx_word' id='word_1_159' title='bbox 560 955 588 989; x_wconf 81' lang='lat' dir='ltr'>es,</span> <span class='ocrx_word' id='word_1_160' title='bbox 605 944 685 983; x_wconf 86' lang='lat' dir='ltr'>habitabo</span> <span class='ocrx_word' id='word_1_161' title='bbox 703 946 721 983; x_wconf 89' lang='lat' dir='ltr'>in</span> <span class='ocrx_word' id='word_1_162' title='bbox 738 946 788 984; x_wconf 89' lang='lat' dir='ltr'>domo</span> 
     </span>
     <span class='ocr_line' id='line_1_16' title="bbox 56 991 790 1048; baseline 0.004 -14"><span class='ocrx_word' id='word_1_163' title='bbox 56 991 97 1044; x_wconf 81' lang='lat' dir='ltr'>tna‚²</span> <span class='ocrx_word' id='word_1_164' title='bbox 110 1002 128 1035; x_wconf 89' lang='lat' dir='ltr'>et</span> <span class='ocrx_word' id='word_1_165' title='bbox 145 996 183 1035; x_wconf 90' lang='lat' dir='ltr'>ideo</span> <span class='ocrx_word' id='word_1_166' title='bbox 198 1009 207 1034; x_wconf 86' lang='lat' dir='ltr'>a</span> <span class='ocrx_word' id='word_1_167' title='bbox 221 997 307 1048; x_wconf 83' lang='lat' dir='ltr'>prioribus</span> <span class='ocrx_word' id='word_1_168' title='bbox 325 998 389 1036; x_wconf 86' lang='lat' dir='ltr'>dehetis</span> <span class='ocrx_word' id='word_1_169' title='bbox 409 999 442 1036; x_wconf 76' lang='lat' dir='ltr'>tuis</span> <span class='ocrx_word' id='word_1_170' title='bbox 456 999 549 1037; x_wconf 80' lang='lat' dir='ltr'>absolveris</span> <span class='ocrx_word' id='word_1_171' title='bbox 567 1004 584 1037; x_wconf 91' lang='lat' dir='ltr'>et</span> <span class='ocrx_word' id='word_1_172' title='bbox 597 1004 615 1038; x_wconf 90' lang='lat' dir='ltr'>tu</span> <span class='ocrx_word' id='word_1_173' title='bbox 636 1005 653 1038; x_wconf 87' lang='lat' dir='ltr'>et</span> <span class='ocrx_word' id='word_1_174' title='bbox 670 1012 739 1048; x_wconf 77' lang='lat' dir='ltr'>omnes,</span> <span class='ocrx_word' id='word_1_175' title='bbox 760 1001 790 1048; x_wconf 86' lang='lat' dir='ltr'>qni</span> 
     </span>
     <span class='ocr_line' id='line_1_17' title="bbox 57 1051 676 1104; baseline 0.003 -12"><span class='ocrx_word' id='word_1_176' title='bbox 57 1054 134 1093; x_wconf 86' lang='lat' dir='ltr'>sinriliter</span> <span class='ocrx_word' id='word_1_177' title='bbox 146 1054 244 1104; x_wconf 83' lang='lat' dir='ltr'>praereptis</span> <span class='ocrx_word' id='word_1_178' title='bbox 257 1054 300 1094; x_wconf 90' lang='lat' dir='ltr'>meis</span> <span class='ocrx_word' id='word_1_179' title='bbox 313 1055 401 1104; x_wconf 88' lang='lat' dir='ltr'>paruerint</span> <span class='ocrx_word' id='word_1_180' title='bbox 413 1060 430 1094; x_wconf 89' lang='lat' dir='ltr'>et</span> <span class='ocrx_word' id='word_1_181' title='bbox 444 1055 537 1094; x_wconf 82' lang='lat' dir='ltr'>uastitatem</span> <span class='ocrx_word' id='word_1_182' title='bbox 551 1051 676 1094; x_wconf 53' lang='lat' dir='ltr'>custodierint}</span> 
     </span>
    </p>
   </div>
   <div class='ocr_carea' id='block_1_4' title="bbox 328 1159 516 1201">
    <p class='ocr_par' dir='ltr' id='par_1_4' title="bbox 328 1159 516 1201">
     <span class='ocr_line' id='line_1_18' title="bbox 328 1159 516 1201; baseline 0.011 -8"><span class='ocrx_word' id='word_1_183' title='bbox 328 1159 421 1195; x_wconf 58' lang='lat' dir='ltr'>nrirnmtrrn</span> <span class='ocrx_word' id='word_1_184' title='bbox 435 1169 516 1201; x_wconf 83' lang='lat' dir='ltr'>ournrnn.</span> 
     </span>
    </p>
   </div>
   <div class='ocr_carea' id='block_1_5' title="bbox 54 1230 790 1899">
    <p class='ocr_par' dir='ltr' id='par_1_5' title="bbox 54 1230 790 1899">
     <span class='ocr_line' id='line_1_19' title="bbox 108 1230 789 1286; baseline 0.006 -14"><span class='ocrx_word' id='word_1_185' title='bbox 108 1231 130 1282; x_wconf 83' lang='lat' dir='ltr'>(a)</span> <span class='ocrx_word' id='word_1_186' title='bbox 145 1234 234 1282; x_wconf 69' lang='lat' dir='ltr'>doristeus,</span> <span class='ocrx_word' id='word_1_187' title='bbox 253 1230 318 1285; x_wconf 72' lang='lat' dir='ltr'>inquid,</span> <span class='ocrx_word' id='word_1_188' title='bbox 332 1241 349 1272; x_wconf 88' lang='lat' dir='ltr'>et</span> <span class='ocrx_word' id='word_1_189' title='bbox 363 1248 418 1286; x_wconf 84' lang='lat' dir='ltr'>aequo</span> <span class='ocrx_word' id='word_1_190' title='bbox 437 1236 492 1274; x_wconf 89' lang='lat' dir='ltr'>animo</span> <span class='ocrx_word' id='word_1_191' title='bbox 507 1242 543 1274; x_wconf 90' lang='lat' dir='ltr'>esto</span> <span class='ocrx_word' id='word_1_192' title='bbox 557 1241 575 1274; x_wconf 90' lang='lat' dir='ltr'>et</span> <span class='ocrx_word' id='word_1_193' title='bbox 587 1237 669 1286; x_wconf 81' lang='lat' dir='ltr'>prudens,</span> <span class='ocrx_word' id='word_1_194' title='bbox 684 1242 701 1275; x_wconf 85' lang='lat' dir='ltr'>et</span> <span class='ocrx_word' id='word_1_195' title='bbox 714 1238 789 1276; x_wconf 89' lang='lat' dir='ltr'>omnium</span> 
     </span>
     <span class='ocr_line' id='line_1_20' title="bbox 55 1287 788 1340; baseline 0.005 -13"><span class='ocrx_word' id='word_1_196' title='bbox 55 1291 137 1328; x_wconf 89' lang='lat' dir='ltr'>malorum</span> <span class='ocrx_word' id='word_1_197' title='bbox 152 1302 223 1339; x_wconf 88' lang='lat' dir='ltr'>operum</span> <span class='ocrx_word' id='word_1_198' title='bbox 241 1287 355 1328; x_wconf 81' lang='lat' dir='ltr'>dominaberis</span> <span class='ocrx_word' id='word_1_199' title='bbox 373 1299 390 1328; x_wconf 92' lang='lat' dir='ltr'>et</span> <span class='ocrx_word' id='word_1_200' title='bbox 410 1292 488 1340; x_wconf 88' lang='lat' dir='ltr'>operabis</span> <span class='ocrx_word' id='word_1_201' title='bbox 507 1303 575 1329; x_wconf 90' lang='lat' dir='ltr'>omnem</span> <span class='ocrx_word' id='word_1_202' title='bbox 593 1292 679 1331; x_wconf 81' lang='lat' dir='ltr'>iustitiam</span> <span class='ocrx_word' id='word_1_203' title='bbox 707 1292 724 1329; x_wconf 85' lang='lat' dir='ltr'>Si</span> <span class='ocrx_word' id='word_1_204' title='bbox 743 1293 788 1331; x_wconf 87' lang='lat' dir='ltr'>enirn</span> 
     </span>
     <span class='ocr_line' id='line_1_21' title="bbox 55 1346 788 1396; baseline 0.003 -13"><span class='ocrx_word' id='word_1_205' title='bbox 55 1346 156 1396; x_wconf 81' lang='lat' dir='ltr'>longanimis</span> <span class='ocrx_word' id='word_1_206' title='bbox 170 1346 228 1393; x_wconf 85' lang='lat' dir='ltr'>laenis,</span> <span class='ocrx_word' id='word_1_207' title='bbox 242 1347 313 1396; x_wconf 88' lang='lat' dir='ltr'>spiritns</span> <span class='ocrx_word' id='word_1_208' title='bbox 327 1346 355 1384; x_wconf 87' lang='lat' dir='ltr'>ille</span> <span class='ocrx_word' id='word_1_209' title='bbox 368 1350 442 1391; x_wconf 77' lang='lat' dir='ltr'>sanetus,</span> <span class='ocrx_word' id='word_1_210' title='bbox 458 1347 487 1395; x_wconf 84' lang='lat' dir='ltr'>qui</span> <span class='ocrx_word' id='word_1_211' title='bbox 501 1346 545 1383; x_wconf 89' lang='lat' dir='ltr'>intra</span> <span class='ocrx_word' id='word_1_212' title='bbox 561 1352 579 1383; x_wconf 92' lang='lat' dir='ltr'>te</span> <span class='ocrx_word' id='word_1_213' title='bbox 593 1351 628 1392; x_wconf 84' lang='lat' dir='ltr'>est,</span> <span class='ocrx_word' id='word_1_214' title='bbox 646 1348 788 1393; x_wconf 84' lang='lat' dir='ltr'>irnaontarninatus</span> 
     </span>
     <span class='ocr_line' id='line_1_22' title="bbox 55 1401 790 1452; baseline 0.001 -13"><span class='ocrx_word' id='word_1_215' title='bbox 55 1407 72 1440; x_wconf 91' lang='lat' dir='ltr'>et</span> <span class='ocrx_word' id='word_1_216' title='bbox 85 1403 157 1440; x_wconf 86' lang='lat' dir='ltr'>mundus</span> <span class='ocrx_word' id='word_1_217' title='bbox 166 1403 203 1448; x_wconf 87' lang='lat' dir='ltr'>erit,</span> <span class='ocrx_word' id='word_1_218' title='bbox 217 1407 234 1440; x_wconf 89' lang='lat' dir='ltr'>et</span> <span class='ocrx_word' id='word_1_219' title='bbox 248 1403 340 1440; x_wconf 69' lang='lat' dir='ltr'>intenebris</span> <span class='ocrx_word' id='word_1_220' title='bbox 354 1402 393 1439; x_wconf 87' lang='lat' dir='ltr'>mali</span> <span class='ocrx_word' id='word_1_221' title='bbox 407 1402 477 1452; x_wconf 86' lang='lat' dir='ltr'>spiritus</span> <span class='ocrx_word' id='word_1_222' title='bbox 490 1414 526 1439; x_wconf 92' lang='lat' dir='ltr'>non</span> <span class='ocrx_word' id='word_1_223' title='bbox 536 1401 675 1448; x_wconf 78' lang='lat' dir='ltr'>tmebrieahitm,</span> <span class='ocrx_word' id='word_1_224' title='bbox 683 1408 700 1439; x_wconf 91' lang='lat' dir='ltr'>et</span> <span class='ocrx_word' id='word_1_225' title='bbox 708 1403 790 1440; x_wconf 80' lang='lat' dir='ltr'>habitabit</span> 
     </span>
     <span class='ocr_line' id='line_1_23' title="bbox 56 1452 789 1508; baseline -0.001 -12"><span class='ocrx_word' id='word_1_226' title='bbox 56 1459 139 1508; x_wconf 75' lang='lat' dir='ltr'>anapleete</span> <span class='ocrx_word' id='word_1_227' title='bbox 153 1459 170 1496; x_wconf 91' lang='lat' dir='ltr'>in</span> <span class='ocrx_word' id='word_1_228' title='bbox 184 1452 234 1504; x_wconf 82' lang='lat' dir='ltr'>onle‚²</span> <span class='ocrx_word' id='word_1_229' title='bbox 248 1463 266 1495; x_wconf 94' lang='lat' dir='ltr'>et</span> <span class='ocrx_word' id='word_1_230' title='bbox 278 1470 357 1508; x_wconf 79' lang='lat' dir='ltr'>magnum</span> <span class='ocrx_word' id='word_1_231' title='bbox 372 1458 451 1507; x_wconf 76' lang='lat' dir='ltr'>gaudium</span> <span class='ocrx_word' id='word_1_232' title='bbox 464 1458 531 1495; x_wconf 88' lang='lat' dir='ltr'>lruetnr</span> <span class='ocrx_word' id='word_1_233' title='bbox 545 1469 582 1495; x_wconf 88' lang='lat' dir='ltr'>oum</span> <span class='ocrx_word' id='word_1_234' title='bbox 591 1469 635 1505; x_wconf 87' lang='lat' dir='ltr'>vase,</span> <span class='ocrx_word' id='word_1_235' title='bbox 650 1458 666 1494; x_wconf 95' lang='lat' dir='ltr'>in</span> <span class='ocrx_word' id='word_1_236' title='bbox 677 1469 711 1507; x_wconf 88' lang='lat' dir='ltr'>qno</span> <span class='ocrx_word' id='word_1_237' title='bbox 719 1457 789 1504; x_wconf 85' lang='lat' dir='ltr'>habitat,</span> 
     </span>
     <span class='ocr_line' id='line_1_24' title="bbox 55 1513 790 1564; baseline 0 -12"><span class='ocrx_word' id='word_1_238' title='bbox 55 1519 71 1552; x_wconf 87' lang='lat' dir='ltr'>et</span> <span class='ocrx_word' id='word_1_239' title='bbox 83 1514 145 1553; x_wconf 78' lang='lat' dir='ltr'>seruiet</span> <span class='ocrx_word' id='word_1_240' title='bbox 159 1514 231 1553; x_wconf 85' lang='lat' dir='ltr'>Domino</span> <span class='ocrx_word' id='word_1_241' title='bbox 245 1515 262 1552; x_wconf 91' lang='lat' dir='ltr'>in</span> <span class='ocrx_word' id='word_1_242' title='bbox 277 1514 361 1552; x_wconf 82' lang='lat' dir='ltr'>hilaritate</span> <span class='ocrx_word' id='word_1_243' title='bbox 375 1525 444 1564; x_wconf 80' lang='lat' dir='ltr'>magna,</span> <span class='ocrx_word' id='word_1_244' title='bbox 458 1513 524 1552; x_wconf 89' lang='lat' dir='ltr'>habeus</span> <span class='ocrx_word' id='word_1_245' title='bbox 541 1514 586 1551; x_wconf 89' lang='lat' dir='ltr'>intra</span> <span class='ocrx_word' id='word_1_246' title='bbox 604 1525 622 1552; x_wconf 91' lang='lat' dir='ltr'>se</span> <span class='ocrx_word' id='word_1_247' title='bbox 640 1514 715 1552; x_wconf 88' lang='lat' dir='ltr'>omnium</span> <span class='ocrx_word' id='word_1_248' title='bbox 733 1525 790 1553; x_wconf 90' lang='lat' dir='ltr'>rerum</span> 
     </span>
     <span class='ocr_line' id='line_1_25' title="bbox 55 1570 790 1621; baseline 0 -12"><span class='ocrx_word' id='word_1_249' title='bbox 55 1570 178 1610; x_wconf 86' lang='lat' dir='ltr'>abundantiam.</span> <span class='ocrx_word' id='word_1_250' title='bbox 206 1570 240 1609; x_wconf 87' lang='lat' dir='ltr'>Sed</span> <span class='ocrx_word' id='word_1_251' title='bbox 258 1571 273 1608; x_wconf 93' lang='lat' dir='ltr'>si</span> <span class='ocrx_word' id='word_1_252' title='bbox 291 1571 378 1609; x_wconf 83' lang='lat' dir='ltr'>iracundia</span> <span class='ocrx_word' id='word_1_253' title='bbox 397 1570 454 1621; x_wconf 87' lang='lat' dir='ltr'>aliqua</span> <span class='ocrx_word' id='word_1_254' title='bbox 468 1570 562 1616; x_wconf 85' lang='lat' dir='ltr'>introierit,</span> <span class='ocrx_word' id='word_1_255' title='bbox 577 1571 659 1608; x_wconf 84' lang='lat' dir='ltr'>continuo</span> <span class='ocrx_word' id='word_1_256' title='bbox 677 1570 747 1620; x_wconf 89' lang='lat' dir='ltr'>spiritns</span> <span class='ocrx_word' id='word_1_257' title='bbox 761 1571 790 1610; x_wconf 91' lang='lat' dir='ltr'>ille</span> 
     </span>
     <span class='ocr_line' id='line_1_26' title="bbox 54 1625 790 1677; baseline -0.001 -12"><span class='ocrx_word' id='word_1_258' title='bbox 54 1632 129 1672; x_wconf 87' lang='lat' dir='ltr'>sanetus,</span> <span class='ocrx_word' id='word_1_259' title='bbox 144 1627 173 1676; x_wconf 88' lang='lat' dir='ltr'>qui</span> <span class='ocrx_word' id='word_1_260' title='bbox 186 1631 235 1665; x_wconf 91' lang='lat' dir='ltr'>tener</span> <span class='ocrx_word' id='word_1_261' title='bbox 250 1632 281 1673; x_wconf 88' lang='lat' dir='ltr'>est,</span> <span class='ocrx_word' id='word_1_262' title='bbox 295 1632 400 1677; x_wconf 76' lang='lat' dir='ltr'>angustatur,</span> <span class='ocrx_word' id='word_1_263' title='bbox 414 1638 448 1664; x_wconf 93' lang='lat' dir='ltr'>non</span> <span class='ocrx_word' id='word_1_264' title='bbox 462 1627 527 1664; x_wconf 91' lang='lat' dir='ltr'>habens</span> <span class='ocrx_word' id='word_1_265' title='bbox 540 1625 790 1675; x_wconf 74' lang='lat' dir='ltr'>loenm&#39;muudumetquaerlt</span> 
     </span>
     <span class='ocr_line' id='line_1_27' title="bbox 54 1682 789 1731; baseline -0.001 -10"><span class='ocrx_word' id='word_1_266' title='bbox 54 1684 93 1721; x_wconf 88' lang='lat' dir='ltr'>inde</span> <span class='ocrx_word' id='word_1_267' title='bbox 108 1684 200 1728; x_wconf 80' lang='lat' dir='ltr'>reeerlere3</span> <span class='ocrx_word' id='word_1_268' title='bbox 214 1683 309 1720; x_wconf 87' lang='lat' dir='ltr'>sullooatur</span> <span class='ocrx_word' id='word_1_269' title='bbox 323 1684 367 1719; x_wconf 89' lang='lat' dir='ltr'>enim</span> <span class='ocrx_word' id='word_1_270' title='bbox 381 1683 445 1719; x_wconf 87' lang='lat' dir='ltr'>abillo</span> <span class='ocrx_word' id='word_1_271' title='bbox 459 1683 502 1718; x_wconf 90' lang='lat' dir='ltr'>malo</span> <span class='ocrx_word' id='word_1_272' title='bbox 516 1683 586 1731; x_wconf 82' lang='lat' dir='ltr'>spiritu,</span> <span class='ocrx_word' id='word_1_273' title='bbox 601 1694 633 1718; x_wconf 88' lang='lat' dir='ltr'>neo</span> <span class='ocrx_word' id='word_1_274' title='bbox 646 1687 704 1731; x_wconf 89' lang='lat' dir='ltr'>potest</span> <span class='ocrx_word' id='word_1_275' title='bbox 717 1682 789 1720; x_wconf 87' lang='lat' dir='ltr'>Domino</span> 
     </span>
     <span class='ocr_line' id='line_1_28' title="bbox 55 1732 788 1785; baseline -0.001 -10"><span class='ocrx_word' id='word_1_276' title='bbox 55 1750 86 1777; x_wconf 91' lang='lat' dir='ltr'>sno</span> <span class='ocrx_word' id='word_1_277' title='bbox 101 1738 170 1784; x_wconf 81' lang='lat' dir='ltr'>servire,</span> <span class='ocrx_word' id='word_1_278' title='bbox 184 1749 216 1775; x_wconf 89' lang='lat' dir='ltr'>neo</span> <span class='ocrx_word' id='word_1_279' title='bbox 230 1738 286 1776; x_wconf 82' lang='lat' dir='ltr'>faeere</span> <span class='ocrx_word' id='word_1_280' title='bbox 301 1732 403 1776; x_wconf 72' lang='lat' dir='ltr'>seturndnm²</span> <span class='ocrx_word' id='word_1_281' title='bbox 416 1737 518 1774; x_wconf 85' lang='lat' dir='ltr'>voluntalem</span> <span class='ocrx_word' id='word_1_282' title='bbox 533 1749 591 1783; x_wconf 90' lang='lat' dir='ltr'>snam,</span> <span class='ocrx_word' id='word_1_283' title='bbox 606 1736 645 1785; x_wconf 86' lang='lat' dir='ltr'>quia</span> <span class='ocrx_word' id='word_1_284' title='bbox 659 1736 732 1773; x_wconf 88' lang='lat' dir='ltr'>violatur</span> <span class='ocrx_word' id='word_1_285' title='bbox 748 1737 788 1774; x_wconf 87' lang='lat' dir='ltr'>vitio</span> 
     </span>
     <span class='ocr_line' id='line_1_29' title="bbox 54 1792 789 1842; baseline -0.005 -9"><span class='ocrx_word' id='word_1_286' title='bbox 54 1795 157 1834; x_wconf 75' lang='lat' dir='ltr'>iracundiae,</span> <span class='ocrx_word' id='word_1_287' title='bbox 183 1793 264 1831; x_wconf 82' lang='lat' dir='ltr'>llorninus</span> <span class='ocrx_word' id='word_1_288' title='bbox 279 1798 335 1831; x_wconf 86' lang='lat' dir='ltr'>autem</span> <span class='ocrx_word' id='word_1_289' title='bbox 346 1793 362 1830; x_wconf 93' lang='lat' dir='ltr'>in</span> <span class='ocrx_word' id='word_1_290' title='bbox 378 1792 509 1842; x_wconf 84' lang='lat' dir='ltr'>aequanimitate</span> <span class='ocrx_word' id='word_1_291' title='bbox 526 1797 542 1829; x_wconf 89' lang='lat' dir='ltr'>et</span> <span class='ocrx_word' id='word_1_292' title='bbox 560 1792 695 1842; x_wconf 85' lang='lat' dir='ltr'>magnanimitate</span> <span class='ocrx_word' id='word_1_293' title='bbox 714 1792 789 1839; x_wconf 85' lang='lat' dir='ltr'>habitat;</span> 
     </span>
     <span class='ocr_line' id='line_1_30' title="bbox 54 1846 787 1899; baseline -0.004 -10"><span class='ocrx_word' id='word_1_294' title='bbox 54 1851 79 1891; x_wconf 90' lang='lat' dir='ltr'>ira</span> <span class='ocrx_word' id='word_1_295' title='bbox 92 1856 148 1890; x_wconf 88' lang='lat' dir='ltr'>autem</span> <span class='ocrx_word' id='word_1_296' title='bbox 161 1850 223 1889; x_wconf 89' lang='lat' dir='ltr'>diaboli</span> <span class='ocrx_word' id='word_1_297' title='bbox 239 1850 331 1899; x_wconf 84' lang='lat' dir='ltr'>hospitium</span> <span class='ocrx_word' id='word_1_298' title='bbox 351 1854 382 1889; x_wconf 81' lang='lat' dir='ltr'>est.</span> <span class='ocrx_word' id='word_1_299' title='bbox 409 1849 446 1887; x_wconf 83' lang='lat' dir='ltr'>nuo</span> <span class='ocrx_word' id='word_1_300' title='bbox 464 1859 506 1899; x_wconf 83' lang='lat' dir='ltr'>ergo</span> <span class='ocrx_word' id='word_1_301' title='bbox 526 1848 595 1898; x_wconf 88' lang='lat' dir='ltr'>spiritns</span> <span class='ocrx_word' id='word_1_302' title='bbox 614 1847 677 1886; x_wconf 81' lang='lat' dir='ltr'>diuersi</span> <span class='ocrx_word' id='word_1_303' title='bbox 695 1846 713 1885; x_wconf 92' lang='lat' dir='ltr'>in</span> <span class='ocrx_word' id='word_1_304' title='bbox 727 1848 787 1886; x_wconf 88' lang='lat' dir='ltr'>eadem</span> 
     </span>
    </p>
   </div>
   <div class='ocr_carea' id='block_1_6' title="bbox 51 1917 789 2137">
    <p class='ocr_par' dir='ltr' id='par_1_6' title="bbox 51 1917 789 2137">
     <span class='ocr_line' id='line_1_31' title="bbox 106 1917 783 1978; baseline -0.006 -12"><span class='ocrx_word' id='word_1_305' title='bbox 106 1923 228 1978; x_wconf 45' lang='lat' dir='ltr'>tapphua</span> <span class='ocrx_word' id='word_1_306' title='bbox 235 1917 269 1966; x_wconf 71' lang='lat' dir='ltr'>oda</span> <span class='ocrx_word' id='word_1_307' title='bbox 282 1920 401 1977; x_wconf 63' lang='lat' dir='ltr'>eluendum</span> <span class='ocrx_word' id='word_1_308' title='bbox 411 1920 520 1977; x_wconf 72' lang='grc' dir='ltr'><em>ἀσύμφορόν</em></span> <span class='ocrx_word' id='word_1_309' title='bbox 528 1922 575 1964; x_wconf 74' lang='grc' dir='ltr'><em>ἔστιν</em></span> <span class='ocrx_word' id='word_1_310' title='bbox 586 1922 606 1963; x_wconf 78' lang='grc' dir='ltr'>ἐν</span> <span class='ocrx_word' id='word_1_311' title='bbox 617 1918 677 1978; x_wconf 75' lang='grc' dir='ltr'>ταύτῷ</span> <span class='ocrx_word' id='word_1_312' title='bbox 687 1925 783 1963; x_wconf 77' lang='grc' dir='ltr'><em>κατοικεῖν.</em></span> 
     </span>
     <span class='ocr_line' id='line_1_32' title="bbox 51 1975 789 2037; baseline -0.005 -15"><span class='ocrx_word' id='word_1_313' title='bbox 51 1979 97 2023; x_wconf 80' lang='lat' dir='ltr'>&#39;Edu</span> <span class='ocrx_word' id='word_1_314' title='bbox 109 1978 143 2037; x_wconf 75' lang='grc' dir='ltr'>γὰρ</span> <span class='ocrx_word' id='word_1_315' title='bbox 156 1978 216 2036; x_wconf 74' lang='grc' dir='ltr'><em>λαβὼν</em></span> <span class='ocrx_word' id='word_1_316' title='bbox 230 1979 322 2034; x_wconf 70' lang='grc' dir='ltr'><em>ἀψινθίου</em></span> <span class='ocrx_word' id='word_1_317' title='bbox 335 1977 400 2034; x_wconf 79' lang='grc' dir='ltr'><em>μικρὸν</em></span> <span class='ocrx_word' id='word_1_318' title='bbox 417 1981 443 2028; x_wconf 81' lang='grc' dir='ltr'>εἰς</span> <span class='ocrx_word' id='word_1_319' title='bbox 461 1976 547 2035; x_wconf 70' lang='grc' dir='ltr'><em>κεράμιον</em></span> <span class='ocrx_word' id='word_1_320' title='bbox 570 1978 640 2032; x_wconf 76' lang='grc' dir='ltr'><em>μέλιτος</em></span> <span class='ocrx_word' id='word_1_321' title='bbox 652 1977 735 2035; x_wconf 72' lang='grc' dir='ltr'>ἐπιχέῃς,</span> <span class='ocrx_word' id='word_1_322' title='bbox 749 1975 789 2032; x_wconf 74' lang='grc' dir='ltr'><strong>οὐχὶ</strong></span> 
     </span>
     <span class='ocr_line' id='line_1_33' title="bbox 54 2031 789 2091; baseline -0.007 -10"><span class='ocrx_word' id='word_1_323' title='bbox 54 2036 98 2081; x_wconf 76' lang='lat' dir='ltr'>dion</span> <span class='ocrx_word' id='word_1_324' title='bbox 110 2035 130 2080; x_wconf 77' lang='lat' dir='ltr'>ed</span> <span class='ocrx_word' id='word_1_325' title='bbox 148 2037 187 2091; x_wconf 68' lang='lat' dir='ltr'>peti</span> <span class='ocrx_word' id='word_1_326' title='bbox 204 2036 317 2091; x_wconf 73' lang='grc' dir='ltr'><em>ἀφανίζεται,-</em></span> <span class='ocrx_word' id='word_1_327' title='bbox 333 2036 365 2080; x_wconf 80' lang='lat' dir='ltr'>aab</span> <span class='ocrx_word' id='word_1_328' title='bbox 376 2039 463 2078; x_wconf 71' lang='grc' dir='ltr'>τοιοῦτον</span> <span class='ocrx_word' id='word_1_329' title='bbox 482 2035 522 2090; x_wconf 77' lang='grc' dir='ltr'><em>μέλι</em></span> <span class='ocrx_word' id='word_1_330' title='bbox 534 2031 571 2077; x_wconf 74' lang='lat' dir='ltr'>del</span> <span class='ocrx_word' id='word_1_331' title='bbox 583 2039 617 2077; x_wconf 77' lang='lat' dir='ltr'>rod</span> <span class='ocrx_word' id='word_1_332' title='bbox 630 2034 722 2089; x_wconf 72' lang='grc' dir='ltr'><strong><em>ἐλαχίστου</em></strong></span> <span class='ocrx_word' id='word_1_333' title='bbox 734 2031 789 2088; x_wconf 75' lang='grc' dir='ltr'><em>ἄψιν-</em></span> 
     </span>
     <span class='ocr_line' id='line_1_34' title="bbox 54 2092 264 2137; baseline 0 0"><span class='ocrx_word' id='word_1_334' title='bbox 54 2092 228 2137; x_wconf 62' lang='lat' dir='ltr'>adnotationem</span> <span class='ocrx_word' id='word_1_335' title='bbox 242 2126 245 2136; x_wconf 91' lang='lat'>.</span> <span class='ocrx_word' id='word_1_336' title='bbox 260 2128 264 2137; x_wconf 91' lang='lat'>.</span> 
     </span>
    </p>
   </div>
   <div class='ocr_carea' id='block_1_7' title="bbox 57 2247 790 2717">
    <p class='ocr_par' dir='ltr' id='par_1_7' title="bbox 58 2247 790 2383">
     <span class='ocr_line' id='line_1_35' title="bbox 87 2247 790 2299; baseline -0.014 -9"><span class='ocrx_word' id='word_1_337' title='bbox 87 2255 104 2299; x_wconf 80' lang='grc'>8)</span> <span class='ocrx_word' id='word_1_338' title='bbox 115 2255 213 2289; x_wconf 82' lang='lat' dir='ltr'>Enunaietio:</span> <span class='ocrx_word' id='word_1_339' title='bbox 232 2253 261 2286; x_wconf 84' lang='lat' dir='ltr'>Sed</span> <span class='ocrx_word' id='word_1_340' title='bbox 276 2256 290 2285; x_wconf 86' lang='lat' dir='ltr'>ot</span> <span class='ocrx_word' id='word_1_341' title='bbox 306 2250 373 2283; x_wconf 75' lang='lat' dir='ltr'>oratinibus</span> <span class='ocrx_word' id='word_1_342' title='bbox 386 2250 413 2281; x_wconf 76' lang='lat' dir='ltr'>elil</span> <span class='ocrx_word' id='word_1_343' title='bbox 468 2247 485 2291; x_wconf 76' lang='grc'>4)</span> <span class='ocrx_word' id='word_1_344' title='bbox 496 2248 570 2282; x_wconf 84' lang='lat' dir='ltr'>Rerooarl</span> <span class='ocrx_word' id='word_1_345' title='bbox 583 2257 616 2281; x_wconf 85' lang='lat' dir='ltr'>noo.</span> <span class='ocrx_word' id='word_1_346' title='bbox 632 2247 702 2288; x_wconf 80' lang='lat' dir='ltr'>Doaoa&#39;no,</span> <span class='ocrx_word' id='word_1_347' title='bbox 720 2247 761 2289; x_wconf 84' lang='lat' dir='ltr'>qnod</span> <span class='ocrx_word' id='word_1_348' title='bbox 772 2248 790 2281; x_wconf 89' lang='lat' dir='ltr'>ll.</span> 
     </span>
     <span class='ocr_line' id='line_1_36' title="bbox 58 2292 790 2345; baseline -0.014 -10"><span class='ocrx_word' id='word_1_349' title='bbox 58 2303 136 2343; x_wconf 70' lang='lat' dir='ltr'>roraham,</span> <span class='ocrx_word' id='word_1_350' title='bbox 152 2302 177 2345; x_wconf 78' lang='lat' dir='ltr'>pani</span> <span class='ocrx_word' id='word_1_351' title='bbox 188 2300 257 2334; x_wconf 77' lang='lat' dir='ltr'>artondolo</span> <span class='ocrx_word' id='word_1_352' title='bbox 273 2307 306 2331; x_wconf 76' lang='lat' dir='ltr'>aaron</span> <span class='ocrx_word' id='word_1_353' title='bbox 318 2295 416 2329; x_wconf 75' lang='lat' dir='ltr'>aristodiorlol</span> <span class='ocrx_word' id='word_1_354' title='bbox 437 2299 489 2327; x_wconf 81' lang='lat' dir='ltr'>eontra</span> <span class='ocrx_word' id='word_1_355' title='bbox 500 2293 573 2326; x_wconf 88' lang='lat' dir='ltr'>librorum</span> <span class='ocrx_word' id='word_1_356' title='bbox 583 2293 635 2335; x_wconf 78' lang='lat' dir='ltr'>script.</span> <span class='ocrx_word' id='word_1_357' title='bbox 647 2297 662 2325; x_wconf 84' lang='lat' dir='ltr'>et</span> <span class='ocrx_word' id='word_1_358' title='bbox 669 2293 713 2341; x_wconf 81' lang='lat' dir='ltr'>impr,</span> <span class='ocrx_word' id='word_1_359' title='bbox 724 2292 790 2325; x_wconf 84' lang='lat' dir='ltr'>hdemin</span> 
     </span>
     <span class='ocr_line' id='line_1_37' title="bbox 60 2337 789 2383; baseline -0.016 -2"><span class='ocrx_word' id='word_1_360' title='bbox 60 2359 91 2381; x_wconf 91' lang='lat' dir='ltr'>non</span> <span class='ocrx_word' id='word_1_361' title='bbox 102 2347 177 2381; x_wconf 82' lang='lat' dir='ltr'>inuenitur</span> <span class='ocrx_word' id='word_1_362' title='bbox 187 2346 203 2379; x_wconf 86' lang='lat' dir='ltr'>in</span> <span class='ocrx_word' id='word_1_363' title='bbox 213 2346 244 2379; x_wconf 83' lang='lat' dir='ltr'>lat.</span> <span class='ocrx_word' id='word_1_364' title='bbox 435 2340 484 2383; x_wconf 87' lang='lat' dir='ltr'>prima</span> <span class='ocrx_word' id='word_1_365' title='bbox 495 2339 539 2373; x_wconf 89' lang='lat' dir='ltr'>sienti</span> <span class='ocrx_word' id='word_1_366' title='bbox 550 2338 565 2371; x_wconf 90' lang='lat' dir='ltr'>in</span> <span class='ocrx_word' id='word_1_367' title='bbox 572 2337 625 2372; x_wconf 87' lang='lat' dir='ltr'>ultima</span> <span class='ocrx_word' id='word_1_368' title='bbox 633 2337 720 2376; x_wconf 63' lang='lat' dir='ltr'>editionem.</span> <span class='ocrx_word' id='word_1_369' title='bbox 729 2337 789 2371; x_wconf 86' lang='lat' dir='ltr'>Gallam-</span> 
     </span>
    </p>

    <p class='ocr_par' dir='ltr' id='par_1_8' title="bbox 57 2385 789 2532">
     <span class='ocr_line' id='line_1_38' title="bbox 86 2385 541 2435; baseline -0.018 -9"><span class='ocrx_word' id='word_1_370' title='bbox 86 2393 162 2426; x_wconf 74' lang='lat' dir='ltr'>alandt.</span> <span class='ocrx_word' id='word_1_371' title='bbox 185 2390 201 2435; x_wconf 83' lang='grc'>1)</span> <span class='ocrx_word' id='word_1_372' title='bbox 216 2390 309 2433; x_wconf 77' lang='lat' dir='ltr'>ditirrrepnlos</span> <span class='ocrx_word' id='word_1_373' title='bbox 324 2396 340 2429; x_wconf 71' lang='lat' dir='ltr'>p.</span> <span class='ocrx_word' id='word_1_374' title='bbox 356 2387 413 2429; x_wconf 76' lang='lat' dir='ltr'>Arpano·</span> <span class='ocrx_word' id='word_1_375' title='bbox 437 2386 461 2420; x_wconf 86' lang='lat' dir='ltr'>oio</span> <span class='ocrx_word' id='word_1_376' title='bbox 474 2385 541 2419; x_wconf 75' lang='lat' dir='ltr'>exclusit.</span> 
     </span>
     <span class='ocr_line' id='line_1_39' title="bbox 58 2435 789 2493; baseline -0.018 -23"><span class='ocrx_word' id='word_1_377' title='bbox 58 2440 102 2472; x_wconf 80' lang='lat' dir='ltr'>leiloio</span> <span class='ocrx_word' id='word_1_378' title='bbox 110 2439 146 2478; x_wconf 79' lang='lat' dir='ltr'>Vat,</span> <span class='ocrx_word' id='word_1_379' title='bbox 158 2437 183 2470; x_wconf 88' lang='lat' dir='ltr'>nbi</span> <span class='ocrx_word' id='word_1_380' title='bbox 191 2435 260 2469; x_wconf 86' lang='lat' dir='ltr'>mondum</span> <span class='ocrx_word' id='word_1_381' title='bbox 268 2437 346 2478; x_wconf 77' lang='lat' dir='ltr'>tperzanp.</span> <span class='ocrx_word' id='word_1_382' title='bbox 355 2441 415 2474; x_wconf 82' lang='lat' dir='ltr'>oporam</span> <span class='ocrx_word' id='word_1_383' title='bbox 469 2452 485 2493; x_wconf 52' lang='lat'>5]</span> <span class='ocrx_word' id='word_1_384' title='bbox 497 2455 545 2486; x_wconf 46' lang='lat' dir='ltr'><em>sumat</em></span> <span class='ocrx_word' id='word_1_385' title='bbox 555 2451 635 2484; x_wconf 43' lang='lat' dir='ltr'>memmii</span> <span class='ocrx_word' id='word_1_386' title='bbox 645 2450 676 2485; x_wconf 45' lang='lat' dir='ltr'>Vm·</span> <span class='ocrx_word' id='word_1_387' title='bbox 693 2459 727 2483; x_wconf 59' lang='lat' dir='ltr'>mox</span> <span class='ocrx_word' id='word_1_388' title='bbox 739 2454 789 2483; x_wconf 44' lang='lat' dir='ltr'>mm.</span> 
     </span>
     <span class='ocr_line' id='line_1_40' title="bbox 57 2474 682 2532; baseline -0.024 -16"><span class='ocrx_word' id='word_1_389' title='bbox 57 2483 108 2525; x_wconf 79' lang='lat' dir='ltr'>Longe</span> <span class='ocrx_word' id='word_1_390' title='bbox 119 2483 192 2516; x_wconf 87' lang='lat' dir='ltr'>malorem</span> <span class='ocrx_word' id='word_1_391' title='bbox 207 2486 265 2523; x_wconf 85' lang='lat' dir='ltr'>partem</span> <span class='ocrx_word' id='word_1_392' title='bbox 276 2480 322 2513; x_wconf 85' lang='lat' dir='ltr'>totins</span> <span class='ocrx_word' id='word_1_393' title='bbox 337 2476 386 2509; x_wconf 89' lang='lat' dir='ltr'>lland.</span> <span class='ocrx_word' id='word_1_394' title='bbox 397 2477 414 2509; x_wconf 81' lang='lat' dir='ltr'>V,</span> <span class='ocrx_word' id='word_1_395' title='bbox 434 2499 514 2532; x_wconf 42' lang='lat' dir='ltr'><strong><em>mmmm·</em></strong></span> <span class='ocrx_word' id='word_1_396' title='bbox 525 2500 570 2530; x_wconf 57' lang='lat' dir='ltr'>mmm</span> <span class='ocrx_word' id='word_1_397' title='bbox 580 2495 613 2528; x_wconf 36' lang='lat' dir='ltr'><em>mel.</em></span> <span class='ocrx_word' id='word_1_398' title='bbox 678 2474 682 2490; x_wconf 87' lang='lat'>’</span> 
     </span>
    </p>

    <p class='ocr_par' dir='ltr' id='par_1_9' title="bbox 57 2522 413 2574">
     <span class='ocr_line' id='line_1_41' title="bbox 57 2522 413 2574; baseline -0.02 -12"><span class='ocrx_word' id='word_1_399' title='bbox 57 2528 113 2562; x_wconf 85' lang='lat' dir='ltr'>Graooe</span> <span class='ocrx_word' id='word_1_400' title='bbox 131 2528 189 2561; x_wconf 82' lang='lat' dir='ltr'>exhibet</span> <span class='ocrx_word' id='word_1_401' title='bbox 201 2527 251 2560; x_wconf 87' lang='lat' dir='ltr'>llootr.</span> <span class='ocrx_word' id='word_1_402' title='bbox 264 2526 283 2558; x_wconf 84' lang='lat' dir='ltr'>nd</span> <span class='ocrx_word' id='word_1_403' title='bbox 293 2522 386 2574; x_wconf 68' lang='lat' dir='ltr'>Antiochia.</span> <span class='ocrx_word' id='word_1_404' title='bbox 398 2523 413 2574; x_wconf 88' lang='lat'>5</span> 
     </span>
    </p>

    <p class='ocr_par' dir='ltr' id='par_1_10' title="bbox 57 2568 786 2717">
     <span class='ocr_line' id='line_1_42' title="bbox 88 2568 766 2630; baseline -0.022 -1"><span class='ocrx_word' id='word_1_405' title='bbox 88 2573 104 2616; x_wconf 67' lang='grc'>2)</span> <span class='ocrx_word' id='word_1_406' title='bbox 118 2573 235 2623; x_wconf 53' lang='lat' dir='ltr'>onidsipmffl</span> <span class='ocrx_word' id='word_1_407' title='bbox 244 2570 333 2623; x_wconf 31' lang='grc' dir='ltr'>ΨΜ)</span> <span class='ocrx_word' id='word_1_408' title='bbox 346 2568 413 2619; x_wconf 54' lang='lat' dir='ltr'><strong>[Im-[19¹⁰</strong></span> <span class='ocrx_word' id='word_1_409' title='bbox 466 2588 502 2630; x_wconf 84' lang='lat' dir='ltr'>Cap.</span> <span class='ocrx_word' id='word_1_410' title='bbox 513 2587 537 2620; x_wconf 82' lang='lat' dir='ltr'>ll.</span> <span class='ocrx_word' id='word_1_411' title='bbox 560 2585 575 2629; x_wconf 85' lang='grc'>1)</span> <span class='ocrx_word' id='word_1_412' title='bbox 587 2586 602 2617; x_wconf 82' lang='lat' dir='ltr'>lia</span> <span class='ocrx_word' id='word_1_413' title='bbox 613 2585 671 2617; x_wconf 76' lang='lat' dir='ltr'>doitrant</span> <span class='ocrx_word' id='word_1_414' title='bbox 684 2585 723 2615; x_wconf 77' lang='lat' dir='ltr'>tartaro</span> <span class='ocrx_word' id='word_1_415' title='bbox 734 2582 766 2615; x_wconf 80' lang='lat' dir='ltr'>l‘al.</span> 
     </span>
     <span class='ocr_line' id='line_1_43' title="bbox 57 2616 412 2659; baseline -0.025 -6"><span class='ocrx_word' id='word_1_416' title='bbox 57 2620 170 2653; x_wconf 69' lang='lat' dir='ltr'>rationalitatem·</span> <span class='ocrx_word' id='word_1_417' title='bbox 182 2618 199 2650; x_wconf 86' lang='lat' dir='ltr'>ob</span> <span class='ocrx_word' id='word_1_418' title='bbox 211 2617 242 2650; x_wconf 84' lang='lat' dir='ltr'>alno</span> <span class='ocrx_word' id='word_1_419' title='bbox 249 2624 344 2659; x_wconf 79' lang='lat' dir='ltr'>nreaqrursuno</span> <span class='ocrx_word' id='word_1_420' title='bbox 354 2616 412 2655; x_wconf 79' lang='lat' dir='ltr'>optentu,</span> 
     </span>
     <span class='ocr_line' id='line_1_44' title="bbox 57 2661 786 2717; baseline -0.023 -17"><span class='ocrx_word' id='word_1_421' title='bbox 57 2671 88 2699; x_wconf 87' lang='lat' dir='ltr'>tam</span> <span class='ocrx_word' id='word_1_422' title='bbox 99 2667 165 2708; x_wconf 70' lang='lat' dir='ltr'>speciose</span> <span class='ocrx_word' id='word_1_423' title='bbox 173 2665 215 2697; x_wconf 86' lang='lat' dir='ltr'>hobel</span> <span class='ocrx_word' id='word_1_424' title='bbox 224 2666 238 2695; x_wconf 85' lang='lat' dir='ltr'>ot</span> <span class='ocrx_word' id='word_1_425' title='bbox 247 2661 330 2705; x_wconf 82' lang='lat' dir='ltr'>epulabitur</span> <span class='ocrx_word' id='word_1_426' title='bbox 337 2668 369 2694; x_wconf 77' lang='lat' dir='ltr'>ean</span> <span class='ocrx_word' id='word_1_427' title='bbox 378 2668 412 2692; x_wconf 83' lang='lat' dir='ltr'>aoso</span> <span class='ocrx_word' id='word_1_428' title='bbox 465 2678 515 2714; x_wconf 42' lang='lat' dir='ltr'>Man&amp;</span> <span class='ocrx_word' id='word_1_429' title='bbox 524 2677 540 2710; x_wconf 30' lang='grc' dir='ltr'>γ’</span> <span class='ocrx_word' id='word_1_430' title='bbox 563 2673 579 2717; x_wconf 64' lang='grc'>1)</span> <span class='ocrx_word' id='word_1_431' title='bbox 589 2674 641 2708; x_wconf 51' lang='lat' dir='ltr'><em>incude</em></span> <span class='ocrx_word' id='word_1_432' title='bbox 657 2682 672 2716; x_wconf 84' lang='lat' dir='ltr'>P·</span> <span class='ocrx_word' id='word_1_433' title='bbox 683 2673 700 2706; x_wconf 62' lang='lat' dir='ltr'><strong><em>m</em></strong></span> <span class='ocrx_word' id='word_1_434' title='bbox 711 2676 743 2707; x_wconf 50' lang='lat' dir='ltr'>cute</span> <span class='ocrx_word' id='word_1_435' title='bbox 754 2663 786 2707; x_wconf 79' lang='lat' dir='ltr'>rat</span> 
     </span>
    </p>
   </div>
   <div class='ocr_carea' id='block_1_8' title="bbox 58 2707 788 2789">
    <p class='ocr_par' dir='ltr' id='par_1_11' title="bbox 58 2707 788 2789">
     <span class='ocr_line' id='line_1_45' title="bbox 58 2707 743 2753; baseline -0.02 -9"><span class='ocrx_word' id='word_1_436' title='bbox 58 2721 89 2744; x_wconf 86' lang='lat' dir='ltr'>oum</span> <span class='ocrx_word' id='word_1_437' title='bbox 107 2721 135 2753; x_wconf 82' lang='lat' dir='ltr'>pao</span> <span class='ocrx_word' id='word_1_438' title='bbox 152 2710 223 2743; x_wconf 80' lang='lat' dir='ltr'>iuliobitol</span> <span class='ocrx_word' id='word_1_439' title='bbox 237 2718 252 2750; x_wconf 91' lang='lat' dir='ltr'>p.</span> <span class='ocrx_word' id='word_1_440' title='bbox 268 2707 355 2739; x_wconf 83' lang='lat' dir='ltr'>dilatabitur</span> <span class='ocrx_word' id='word_1_441' title='bbox 370 2722 413 2728; x_wconf 79' lang='lat'>-—-</span> <span class='ocrx_word' id='word_1_442' title='bbox 741 2741 743 2743; x_wconf 14' lang='lat' dir='ltr'>q</span> 
     </span>
     <span class='ocr_line' id='line_1_46' title="bbox 58 2742 788 2789; baseline -0.019 -1"><span class='ocrx_word' id='word_1_443' title='bbox 58 2757 135 2789; x_wconf 77' lang='lat' dir='ltr'>iaalrobltot.</span> <span class='ocrx_word' id='word_1_444' title='bbox 466 2745 482 2787; x_wconf 82' lang='grc'>2)</span> <span class='ocrx_word' id='word_1_445' title='bbox 496 2744 573 2777; x_wconf 82' lang='lat' dir='ltr'>seeuadurn</span> <span class='ocrx_word' id='word_1_446' title='bbox 584 2743 633 2782; x_wconf 71' lang='lat' dir='ltr'>[orere</span> <span class='ocrx_word' id='word_1_447' title='bbox 642 2750 658 2781; x_wconf 92' lang='lat' dir='ltr'>p.</span> <span class='ocrx_word' id='word_1_448' title='bbox 666 2750 691 2772; x_wconf 83' lang='lat' dir='ltr'>neo</span> <span class='ocrx_word' id='word_1_449' title='bbox 702 2742 752 2782; x_wconf 74' lang='lat' dir='ltr'>sonere</span> <span class='ocrx_word' id='word_1_450' title='bbox 763 2751 788 2774; x_wconf 79' lang='lat' dir='ltr'>so-</span> 
     </span>
    </p>
   </div>
   <div class='ocr_carea' id='block_1_9' title="bbox 91 2785 789 2841">
    <p class='ocr_par' dir='ltr' id='par_1_12' title="bbox 91 2785 789 2841">
     <span class='ocr_line' id='line_1_47' title="bbox 91 2785 789 2841; baseline -0.02 -7"><span class='ocrx_word' id='word_1_451' title='bbox 91 2801 108 2841; x_wconf 77' lang='lat'>3)</span> <span class='ocrx_word' id='word_1_452' title='bbox 119 2800 175 2833; x_wconf 82' lang='lat' dir='ltr'>uenerit</span> <span class='ocrx_word' id='word_1_453' title='bbox 187 2799 227 2838; x_wconf 79' lang='lat' dir='ltr'>lat,</span> <span class='ocrx_word' id='word_1_454' title='bbox 241 2796 266 2829; x_wconf 93' lang='lat' dir='ltr'>nbi</span> <span class='ocrx_word' id='word_1_455' title='bbox 278 2801 311 2829; x_wconf 84' lang='lat' dir='ltr'>ante</span> <span class='ocrx_word' id='word_1_456' title='bbox 325 2796 376 2839; x_wconf 80' lang='lat' dir='ltr'>alipoo</span> <span class='ocrx_word' id='word_1_457' title='bbox 388 2805 413 2828; x_wconf 86' lang='lat' dir='ltr'>er·</span> <span class='ocrx_word' id='word_1_458' title='bbox 435 2793 496 2827; x_wconf 74' lang='lat' dir='ltr'>enarratam</span> <span class='ocrx_word' id='word_1_459' title='bbox 504 2788 535 2822; x_wconf 86' lang='lat' dir='ltr'>Pal.</span> <span class='ocrx_word' id='word_1_460' title='bbox 547 2787 615 2820; x_wconf 83' lang='lat' dir='ltr'>Enmore</span> <span class='ocrx_word' id='word_1_461' title='bbox 627 2785 693 2819; x_wconf 82' lang='lat' dir='ltr'>aratoris</span> <span class='ocrx_word' id='word_1_462' title='bbox 701 2790 789 2830; x_wconf 83' lang='lat' dir='ltr'>essetque-</span> 
     </span>
    </p>
   </div>
   <div class='ocr_carea' id='block_1_10' title="bbox 46 2832 789 2933">
    <p class='ocr_par' dir='ltr' id='par_1_13' title="bbox 46 2832 789 2933">
     <span class='ocr_line' id='line_1_48' title="bbox 46 2832 789 2888; baseline -0.008 -18"><span class='ocrx_word' id='word_1_463' title='bbox 46 2838 130 2888; x_wconf 65' lang='lat' dir='ltr'>&#39;pungpup</span> <span class='ocrx_word' id='word_1_464' title='bbox 140 2855 198 2887; x_wconf 53' lang='lat' dir='ltr'>mappa,</span> <span class='ocrx_word' id='word_1_465' title='bbox 209 2844 250 2877; x_wconf 71' lang='lat' dir='ltr'>Idem</span> <span class='ocrx_word' id='word_1_466' title='bbox 262 2843 287 2886; x_wconf 69' lang='lat' dir='ltr'>qul</span> <span class='ocrx_word' id='word_1_467' title='bbox 298 2845 321 2874; x_wconf 71' lang='lat' dir='ltr'>aaa</span> <span class='ocrx_word' id='word_1_468' title='bbox 332 2842 348 2874; x_wconf 74' lang='lat' dir='ltr'>la</span> <span class='ocrx_word' id='word_1_469' title='bbox 359 2845 372 2875; x_wconf 73' lang='lat' dir='ltr'>re</span> <span class='ocrx_word' id='word_1_470' title='bbox 385 2850 413 2875; x_wconf 66' lang='lat' dir='ltr'>aaa</span> <span class='ocrx_word' id='word_1_471' title='bbox 436 2848 464 2881; x_wconf 76' lang='lat' dir='ltr'>qtae</span> <span class='ocrx_word' id='word_1_472' title='bbox 475 2835 520 2869; x_wconf 88' lang='lat' dir='ltr'>leetio</span> <span class='ocrx_word' id='word_1_473' title='bbox 531 2832 556 2865; x_wconf 82' lang='lat' dir='ltr'>deo</span> <span class='ocrx_word' id='word_1_474' title='bbox 567 2832 678 2875; x_wconf 80' lang='lat' dir='ltr'>potestllomino</span> <span class='ocrx_word' id='word_1_475' title='bbox 690 2843 717 2865; x_wconf 84' lang='lat' dir='ltr'>suo</span> <span class='ocrx_word' id='word_1_476' title='bbox 729 2833 789 2874; x_wconf 77' lang='lat' dir='ltr'>saraiae,</span> 
     </span>
     <span class='ocr_line' id='line_1_49' title="bbox 60 2877 731 2933; baseline -0.013 -13"><span class='ocrx_word' id='word_1_477' title='bbox 60 2893 147 2932; x_wconf 66' lang='lat' dir='ltr'>praeliatum·</span> <span class='ocrx_word' id='word_1_478' title='bbox 159 2894 172 2923; x_wconf 76' lang='lat' dir='ltr'>et</span> <span class='ocrx_word' id='word_1_479' title='bbox 184 2891 231 2933; x_wconf 74' lang='lat' dir='ltr'>quoru</span> <span class='ocrx_word' id='word_1_480' title='bbox 243 2889 313 2922; x_wconf 80' lang='lat' dir='ltr'>renodare.</span> <span class='ocrx_word' id='word_1_481' title='bbox 435 2885 483 2925; x_wconf 77' lang='lat' dir='ltr'>sorore</span> <span class='ocrx_word' id='word_1_482' title='bbox 496 2879 573 2913; x_wconf 79' lang='lat' dir='ltr'>rottrodum</span> <span class='ocrx_word' id='word_1_483' title='bbox 582 2877 672 2912; x_wconf 79' lang='lat' dir='ltr'>nolrurtotem</span> <span class='ocrx_word' id='word_1_484' title='bbox 684 2887 731 2913; x_wconf 78' lang='lat' dir='ltr'>serata.</span> 
     </span>
    </p>
   </div>
   <div class='ocr_carea' id='block_1_11' title="bbox 0 0 902 3076">
    <p class='ocr_par' dir='ltr' id='par_1_14' title="bbox 0 0 902 3076">
     <span class='ocr_line' id='line_1_50' title="bbox 0 0 902 3076; baseline 0 0"><span class='ocrx_word' id='word_1_485' title='bbox 0 0 902 3076; x_wconf 95' lang='lat' dir='ltr'> </span> 
     </span>
    </p>
   </div>
  </div>
 </body>
</html>
