1793 3076
144 80 228 119 rernm
241 82 327 121 PASTOR.
353 83 446 122 ereren.
473 80 641 133 trememtem)
720 80 758 122 475

27 193 93 234 minime
107 191 128 228 ad
142 203 172 229 eos
187 194 254 232 adeunt.
282 195 381 244 Quicunque
395 201 450 234 autem
465 196 542 246 dipspehi
556 202 595 234 sunt
608 197 700 235 sortientes
713 197 759 235 sieut

28 256 44 288 et
63 252 133 297 gemm,
153 254 169 285 et
187 250 285 298 trequenter
304 251 425 299 poenitentiam
445 258 505 300 egunt,
525 256 542 287 et
561 252 620 289 divinis
646 254 757 290 demorantur

27 308 63 344 sine
77 301 200 349 emendatione,
213 306 277 343 maiora
292 306 324 343 sibi
338 306 401 344 delicta
414 307 513 355 adquirunt,
534 308 627 346 servientes
641 309 758 357 superstitioni

27 372 94 400 raetiae.
120 358 161 397 Nam
176 360 204 408 qui
217 361 318 410 prophetem
333 361 353 398 de
367 361 423 409 aliquo
433 368 471 400 antu
484 361 582 411 interrogat,
596 375 659 403 tironus
668 377 677 403 η
687 365 757 404 veritate

28 426 44 458 et
57 417 146 467 impudens
159 422 191 456 est
220 418 276 454 Omnis
296 422 350 454 autem
371 418 440 466 spiritus
455 430 464 454 a
477 419 511 455 deo
527 420 575 456 dutus
590 431 623 456 non
637 423 757 471 interrogetur,

27 476 57 513 sed
71 474 136 510 itabens
149 473 228 509 uirtutem
246 473 338 510 diuinitatis
356 484 387 521 per
405 479 460 510 semet
477 474 532 520 ipsum
547 477 602 511 omme
616 477 665 520 dieit,
685 480 759 526 quiade

28 541 94 568 snrsmn
108 533 134 566 est
146 529 224 565 arintute
233 530 303 577 spiritus
317 529 377 564 saneti.
404 523 442 564 Hien
458 534 513 564 entem
526 530 602 577 spiritus,
617 534 645 578 qui
657 534 677 568 ed
686 534 758 570 interro·

28 593 65 636 garn
78 579 179 634 respondet4
192 585 286 622 seerindum
299 583 404 632 singulorum
416 584 502 621 hominum
515 584 621 631 veluntatem,
637 584 730 632 {terrenus
744 594 761 626 et

28 643 68 680 teris
83 646 99 677 et
111 641 148 677 sine
162 641 223 677 virtute
238 647 274 686 est,
289 646 306 678 et
318 651 353 677 non
372 640 448 687 loquitur
467 640 499 675 nisi
520 641 640 689 interrogatus.
666 643 760 688 Quomodo,

28 700 101 747 inquom¹
110 698 183 743 domine,
192 697 346 746 cognostithorno,
361 694 399 744 quis
408 707 466 733 eorum
476 696 559 745 propheta
570 697 596 743 sit,
611 702 628 734 et
637 697 674 747 quis
688 699 761 747 psendo-

28 766 70 804 prop
65 752 124 790 dietat
132 753 179 797 dudi
190 753 281 816 inquitate
290 753 374 800 utrimque
392 753 425 789 Pet
433 763 478 789 serm
481 763 530 789 onem
539 763 635 802 cognosces
642 749 761 819 prophetam?

29 809 201 859 pseudoprophetam
216 810 245 858 qui
259 809 338 871 spiritum
351 809 425 845 divinum
439 820 473 845 non
487 809 541 854 hebet,
560 810 580 847 de
599 817 646 847 senta
665 812 708 849 vitoe
722 813 759 849 eins

29 865 114 916 prointus.
140 860 233 915 Ρηηρὶηηῑη6
247 866 295 911 enim,
310 859 425 914 epirieptiri'tnm
439 865 511 902 diuinum
523 865 543 902 de
556 866 669 912 oeelohuttet,
658 868 760 917 tplnnidus

30 922 146 958 etrtnodesus
162 927 193 957 est
220 922 297 966 Quietem
311 922 361 958 etiam
381 927 397 957 et
411 921 521 969 oorrrpositum
536 923 703 969 snpientinmhnbet
729 924 759 961 db·

30 978 80 1016 stinet
94 977 131 1027 ipse
145 978 165 1014 nh
180 979 226 1015 omni
239 977 313 1026 nequitie
327 982 344 1013 et
362 976 476 1026 voluptatibus
491 977 538 1013 vonis
552 978 603 1015 huius
617 979 676 1016 seculi.
704 980 760 1017 Honri·

29 1034 77 1071 nitius
92 1028 133 1071 tem'
146 1045 165 1071 se
179 1033 288 1071 leuiniliorem
304 1038 391 1082 praestet7
406 1036 422 1069 et
434 1032 477 1069 nihil
492 1033 560 1071 onimno
573 1035 673 1084 interrogat.
699 1032 761 1074 ΕηηηηΒ

29 1096 95 1128 seurota
114 1091 195 1139 loquitur.
221 1091 280 1139 Neque
298 1097 352 1127 auten
369 1090 386 1127 in
404 1089 473 1126 tremine
490 1090 565 1140 positum
583 1097 618 1137 est,
631 1097 658 1138 ut,
677 1105 715 1130 eum
732 1093 760 1131 ille

29 1147 107 1192 vetuerit,
122 1148 192 1195 spiritus
206 1147 294 1195 loquatur3
314 1147 399 1183 sedeone
419 1157 514 1183 sermonem
528 1147 584 1193 liniret,
599 1159 636 1185 eum
657 1150 700 1186 Deus
715 1150 760 1186 illum
804 1182 813 1194 ⁶

28 1203 75 1250 toqui
89 1203 128 1239 vult.
155 1203 195 1239 Cum
209 1214 250 1250 ergo
264 1203 292 1238 ille
307 1203 357 1238 iionm
372 1202 450 1249 spiritum
465 1201 538 1237 divinum
552 1203 616 1239 treberis
630 1205 647 1240 in
661 1200 760 1241 eonoitium9

29 1257 116 1296 hominum
129 1257 213 1295 bonorum
227 1258 277 1295 fidem
292 1258 341 1295 divini
351 1257 422 1305 spiritus
431 1255 529 1309 trahentium
541 1257 630 1302 introierit,
644 1264 661 1296 et
668 1260 760 1308 postulatio

29 1318 87 1350 coetus
102 1325 160 1350 eornm
175 1314 219 1362 apud
233 1313 284 1350 Deum
298 1312 358 1358 inerit,
380 1315 420 1347 tune
438 1311 508 1347 rturrtius
526 1312 762 1362 illiusspiritusproptretiei‚

30 1369 58 1418 [pri
72 1370 203 1419 superpositus
218 1375 244 1407 est
258 1369 279 1414 ei,
292 1368 350 1417 impiet
365 1366 449 1412 homines,
464 1371 481 1402 et
493 1367 572 1416 impletus
587 1368 614 1405 itte
627 1369 688 1418 spiritu
702 1375 760 1407 saneto

29 1425 105 1473 loquitur
114 1437 152 1463 eum
160 1426 188 1462 ille
198 1425 252 1470 turbu,
266 1424 352 1473 quomodo
362 1423 443 1459 dontinus
453 1422 506 1460 iubet.
533 1422 561 1460 Sia
571 1435 612 1473 ergo
622 1425 762 1468 manifestabatur

29 1481 98 1531 spiritns
111 1481 140 1518 itte
155 1486 228 1519 serietas.
255 1480 301 1526 Quae
315 1484 370 1517 nutem
383 1479 404 1516 od
414 1479 625 1528 agnoscendamvirtutem
635 1480 679 1518 iltius
692 1482 762 1531 spiritus

30 1538 83 1574 suncti
96 1538 188 1586 pertinent,
201 1538 244 1582 lineo
259 1542 303 1574 sunt.
330 1537 372 1572 Audi
386 1546 432 1571 nuno
446 1540 463 1571 et
478 1533 498 1572 de
516 1537 577 1584 spiritu
594 1543 673 1583 terreno,
693 1540 720 1586 qui
736 1543 762 1576 est

29 1593 70 1630 ieris
85 1599 101 1630 et
119 1593 154 1630 sine
171 1593 241 1639 uirtute,
260 1593 322 1641 plenus
341 1590 417 1628 stultitia,
443 1590 461 1626 In
480 1590 539 1639 primis
556 1591 608 1628 inemo
625 1592 663 1638 itte,
684 1594 712 1642 [prii
729 1593 764 1630 vult

29 1647 82 1685 rideri
96 1648 156 1698 spiritu
170 1648 225 1686 [divino
239 1648 306 1697 plenus,
320 1646 415 1695 magnificat
428 1656 447 1682 se
461 1650 478 1681 et
490 1647 525 1683 rrdt
539 1648 651 1708 principatum
666 1649 763 1686 eettiedrue.

30 1704 118 1754 Superbus
132 1711 187 1743 autem
201 1711 218 1742 et
231 1705 319 1754 improbus
334 1708 351 1740 et
367 1701 451 1740 verbosus
465 1707 528 1749 estt
511 1708 528 1740 et
541 1702 558 1739 in
571 1703 623 1740 multa
635 1703 701 1741 lunaria
715 1710 732 1742 et
744 1704 762 1741 in

30 1761 91 1798 delitiis
102 1761 180 1810 plurimis
200 1761 243 1810 ugit
263 1766 280 1798 et
297 1760 385 1797 mercedes
403 1732 516 1806 professionis
537 1770 577 1797 suae
595 1755 711 1810 aecipit¹⁰et
694 1760 762 1798 enisi

30 1817 123 1866 occeperit,
139 1821 189 1856 treet.
216 1817 301 1865 Propheta
319 1828 339 1852 au
341 1820 375 1852 em
392 1813 458 1850 liabens
474 1815 553 1863 spiritum
570 1821 646 1852 sonetum
665 1817 762 1854 mercedem

30 1883 64 1908 nou
84 1867 169 1920 ateeipit311
186 1883 220 1909 non
239 1872 283 1908 enim
301 1871 346 1919 capit
364 1870 422 1906 faeere
435 1869 478 1905 tmen
492 1871 520 1907 Dei
533 1872 640 1919 prophetam
666 1872 762 1910 dtereedem

31 1934 86 1965 eutem
101 1928 223 1977 accipientibus
236 1926 324 1977 prophetis
341 1929 420 1962 terrenus
434 1929 461 1959 est
474 1925 549 1973 spiritus.
576 1926 612 1963 Nee
625 1926 642 1963 in
656 1921 762 1964 ooneitium12

32 1984 119 2022 hominum
132 1984 226 2033 proborum
240 1982 316 2029 riooedit3
334 1983 373 2031 quin
388 1982 441 2018 immo
455 1981 509 2030 iungit
527 1994 545 2020 se
564 1982 662 2020 hominibus
679 1984 728 2021 mutis
747 1989 764 2021 et

33 2041 83 2086 verris,
97 2041 194 2090 triangulis
208 2041 246 2090 ugit,
261 2045 277 2077 et
291 2039 356 2077 deludit
373 2049 402 2075 eos
417 2048 497 2076 sermone
516 2050 547 2076 suo
565 2039 638 2088 inquens
658 2040 703 2077 iurto
720 2040 762 2078 desi-

33 2097 98 2134 derium
112 2108 171 2134 eorum
184 2097 285 2139 voluntate,
304 2095 349 2131 runis
368 2093 493 2130 horninibus
484 2106 526 2131 iana
543 2095 661 2148 respondens,
679 2108 718 2133 nuru
736 2108 765 2133 vus

32 2152 82 2191 inane
97 2164 134 2191 cont
150 2153 187 2191 eliis
200 2164 254 2202 aeque
268 2151 345 2189 inanibus
363 2151 467 2187 iunctum]
456 2161 490 2187 non
509 2156 586 2196 tenatur,
604 2151 661 2189 sede
653 2153 765 2202 donrpositum

33 2219 71 2244 enm
86 2211 110 2245 eis
125 2210 214 2245 consentit
202 2210 276 2244 edum
290 2214 345 2244 autem
355 2207 401 2243 idem
411 2205 457 2242 ille
453 2218 470 2242 m
478 2201 562 2252 ooetum¹3
576 2209 663 2244 hommum
671 2210 765 2256 proborum

34 2265 143 2326 etspiritum
158 2263 241 2301 divinitati
240 2263 359 2300 shabentium
373 2262 448 2306 reuerit,
468 2266 484 2297 et
497 2262 550 2299 oratio
565 2262 622 2299 obt
599 2268 622 2298 ist
623 2262 637 2299 is
650 2263 694 2300 sueta
707 2263 764 2312 fuerit

33 2330 95 2357 naeuus
109 2320 184 2359 invenito
166 2320 258 2357 turhomo
271 2319 304 2357 il.le
318 2319 347 2356 Est
341 2317 442 2380 tspiritust
443 2328 514 2355 errenus
516 2317 597 2367 quest
607 2329 624 2354 m
635 2319 670 2356 dlo
697 2320 765 2357 Timore

32 2377 132 2423 perterritus
146 2377 189 2426 sugit
202 2376 222 2413 ab
237 2376 272 2420 illo
288 2381 304 2413 et
298 2375 336 2412 tfit
349 2375 386 2411 sine
400 2384 457 2419 sensu
472 2380 489 2411 et
499 2380 545 2412 totus
554 2374 672 2422 enutriuntur
687 2380 704 2412 et
716 2375 765 2424 toqui

33 2432 150 2482 niitilpotest
179 2433 196 2470 Si
211 2433 287 2470 enimn
270 2431 309 2468 in
304 2430 388 2480 apotheca
402 2441 458 2466 virium
472 2435 520 2468 teus
534 2431 624 2478 stipes7
608 2432 683 2467 einter
698 2436 764 2468 caetera

33 2487 82 2535 plenu
100 2501 148 2526 ieeur
147 2501 170 2526 rm
186 2488 272 2542 vestulum
266 2497 354 2536 1‚ponas
372 2489 433 2534 postea
453 2486 503 2523 etium
522 2497 560 2523 oum
576 2485 646 2523 eundem
664 2488 764 2534 upotheeem

33 2543 128 2590 eutromius,
141 2545 227 2582 vestulum
241 2539 312 2580 vanuum
325 2542 400 2591 positum
408 2553 480 2579 raeunrn
489 2542 569 2579 inuenies
596 2541 624 2578 Sie
633 2548 649 2578 et
663 2543 763 2591 prophetae,

34 2600 62 2647 qui
76 2601 195 2646 sentiemes,
209 2611 247 2637 eum
260 2598 338 2635 uenerint
350 2597 395 2634 inter
409 2608 445 2643 eos,
461 2598 539 2646 quisunt
551 2597 620 2645 spiritus
632 2598 690 2643 serenti,
706 2598 764 2647 epirotes

442 2704 469 2748 11)
481 2704 596 2746 acceptetur,
609 2707 615 2737 i
631 2715 677 2746 supro
690 2704 739 2746 priori
753 2716 765 2738 e.

408 2751 463 2783 Postea
476 2760 492 2781 es
503 2751 556 2782 eodem
568 2755 590 2782 est
601 2752 692 2793 prophetent.

442 2805 467 2847 tn)
479 2806 541 2839 torrento
553 2805 594 2846 ret,
610 2807 636 2839 uhi
648 2806 703 2840 deinde
714 2809 765 2850 *torpet

353 2869 361 2887 ω
409 2863 425 2896 p,
436 2853 488 2894 eitun,
501 2857 532 2884 tnur
543 2853 618 2886 intuente
629 2863 644 2896 p.
656 2854 742 2893 nottintntie,

443 2898 469 2941 13)
481 2902 522 2933 metu
532 2896 564 2934 PetV
