1793 3076
171 65 247 106 tunnvn
261 68 361 108 aeternna
375 70 401 108 hi}
415 69 538 109 attenuatus.
555 69 581 109 nt
595 71 613 109 X.
627 70 653 108 XI.
748 67 783 108 149

51 185 82 226 tes,
95 180 112 218 in
127 191 160 230 qua
174 185 190 219 at
203 183 236 220 vita
248 188 308 222 nostra
322 189 380 223 erorta
394 188 421 222 est
434 196 465 234 per
479 185 534 234 ipsum
548 189 565 223 et
577 190 649 224 urortem
659 186 714 237 ipsius
725 182 783 236 (quarn

51 237 119 286 quidam
133 244 204 287 negant,
224 252 256 288 per
276 242 321 289 quod
335 241 435 290 mysterium
449 240 500 279 halem
514 242 619 292 accepimus,
633 248 650 281 et
662 247 734 293 propter
747 243 781 282 hcc

50 293 162 340 sustinemus,
177 299 195 332 ut
210 295 315 333 intrentamur
329 295 408 345 discipuli
421 296 461 334 Iesu
475 296 543 341 Christi,
557 297 610 335 soiius
624 298 700 337 doctoris
713 298 781 347 nostri),

51 351 137 399 aprronrodo
151 363 183 388 aros
197 352 291 400 poterimus
304 353 360 389 vivere
374 352 411 388 siue
424 353 471 401 ipso,
488 362 538 400 quem
556 353 606 390 etiam
623 355 724 402 prophatae,
744 367 782 394 cunr

50 412 109 444 essent
122 407 183 455 spiritu
199 397 278 457 disehruli
292 408 334 454 eius,
347 414 367 446 ,ut
381 408 467 446 doctorem
482 408 614 458 exspectabant?
634 409 655 447 Et
666 416 737 459 propter
749 411 783 450 hoe

50 464 69 509 is,
85 474 135 512 quem
149 463 192 501 iuste
204 462 357 512 praestolabantur,
372 465 463 503 adveniens
477 465 565 504 suscitavit
579 465 627 515 ipsos
641 477 661 504 ev
674 468 752 506 rnortuis

49 599 87 626 carn
101 587 150 625 vitain
164 588 248 636 vivmnes,
259 590 276 627 in
291 601 323 639 aava
338 594 355 627 et
367 590 400 627 vita
420 594 478 629 nostra
496 601 528 640 per
545 589 602 640 ipsum
620 595 727 641 mortemque
746 592 783 629 eius

50 647 108 682 exorta
122 649 155 691 est,
178 657 228 694 quem
242 646 319 683 nonnulii
334 651 405 696 negant:
421 658 453 696 per
467 659 516 696 quem
529 647 629 697 mysterium
644 647 725 686 credendi
735 659 782 686 aece-

49 700 114 750 pimus,
131 700 205 750 ideoque
224 702 337 749 sustinemus,
354 707 373 740 ut
387 703 492 741 inveniamur
506 703 585 754 discipuli
599 703 637 741 Iesu
652 702 722 750 Christi,
736 705 782 742 vinici

49 757 126 809 irragistri
143 758 207 796 nostri:
226 759 312 808 rpromodo
330 771 362 798 uos
380 760 474 810 poterimus
488 760 544 799 vivere
558 760 594 799 sine
608 759 655 811 ipso,
671 760 718 799 cuius
732 761 782 799 etiam

48 815 145 865 Prophetae
159 815 236 865 dIseipuii
251 828 289 854 curn
303 823 361 855 essent
375 817 443 867 spiritu,
462 822 481 856 ut
493 817 592 868 magistrum
606 829 644 856 cum
659 818 782 870 expectabant?

48 872 122 922 Ideoque
137 883 187 922 qrvem
202 873 246 911 iuste
260 879 379 924 enpeetarunt,
394 873 422 912 ille
436 885 519 924 premens
533 875 611 913 excitavit
624 886 654 913 ees
668 886 678 913 a
690 875 768 914 mortuis.

311 998 330 1035 X.
351 999 408 1038 Nolite
420 1001 520 1039 inacieheare,

100 1076 149 1114 hirsit
166 1087 207 1127 ergo
226 1088 235 1114 a
256 1076 315 1122 nohis,
334 1088 368 1114 non
387 1078 450 1116 moveri
465 1076 567 1127 benignitate
588 1078 630 1115 eins.
657 1078 674 1115 Si
692 1077 736 1115 eninr
750 1089 782 1116 nos

49 1134 125 1171 imitetur
139 1134 232 1171 secvrndum
246 1145 266 1171 ea
280 1145 322 1184 quae
335 1134 417 1178 iacimus,
432 1136 464 1172 iam
478 1134 566 1184 periimus.
593 1136 684 1185 Pruptera,
703 1135 782 1184 discipuli

49 1190 85 1229 eivvs
100 1188 164 1236 eiiecti,
182 1189 267 1228 discamus
281 1190 374 1228 seeundum
388 1190 534 1229 Christianismum
548 1191 608 1230 vivere.
635 1191 667 1237 uui
685 1191 728 1228 eninr
748 1192 780 1228 alio

48 1246 116 1284 nomine
130 1251 201 1284 vocatur
221 1252 290 1297 praeter
303 1248 348 1292 hoe,
366 1259 400 1285 rron
419 1253 446 1286 est
460 1248 495 1284 Dei.
522 1248 593 1286 hhiioite
607 1248 659 1297 igitur
672 1242 735 1286 rnatum
747 1248 780 1285 ier·

47 1307 127 1349 inertium,
142 1303 252 1342 inveteratum
266 1308 283 1342 et
296 1304 372 1351 oninium,
387 1310 404 1342 et
418 1303 554 1342 transmutemini
567 1304 585 1341 in
598 1315 661 1342 novvrm
673 1303 781 1349 fermentum,

48 1360 94 1411 quod
107 1366 133 1398 est
146 1361 193 1398 Iesus
207 1360 289 1398 Christus.
316 1360 400 1398 Saliamiui
414 1362 432 1399 in
446 1363 493 1411 ipso,
507 1367 572 1399 utnon
587 1366 707 1411 corrumpatur
720 1361 782 1410 aliquis

48 1417 123 1463 evehis,
137 1417 217 1466 rpvrorriarn
231 1418 251 1455 ah
266 1418 319 1455 odore
329 1418 460 1467 redarguemini.
479 1418 576 1456 hhsurdum
586 1423 617 1464 est,
632 1409 717 1456 Christum
725 1417 781 1456 iesum

47 1473 122 1523 profari,
137 1479 154 1510 et
166 1473 257 1511 irrdaizare.
285 1474 424 1512 Clrristianisrnus
443 1474 489 1512 eninr
502 1486 536 1512 nou
556 1475 573 1511 iu
587 1474 689 1512 Iudaismum
703 1474 781 1519 credidit,

48 1531 85 1568 sed
96 1529 190 1568 Iudaismus
208 1529 225 1567 in
244 1529 399 1576 Christianismum,
417 1536 436 1568 ut
454 1531 507 1568 orionis
525 1530 583 1580 ltngua
602 1530 674 1568 credens
694 1531 715 1569 ad
728 1530 781 1568 Deum

48 1592 187 1637 corrgregavetur.

99 1707 135 1746 *tt
161 1712 199 1748 Non
217 1722 258 1760 ergo
276 1711 344 1759 stupido
358 1712 413 1748 arriano
428 1710 534 1760 neghgamus
554 1711 676 1761 benignitatem
689 1711 731 1749 eius.
763 1682 786 1749 Si(

47 1767 92 1805 eninr
106 1773 166 1804 inostro
180 1778 212 1805 nos
227 1766 303 1816 erernpio
318 1766 426 1815 castigaverit
439 1768 532 1805 senrndun
546 1768 592 1817 quod
607 1767 681 1817 agimus,
698 1777 734 1804 non
747 1777 780 1804 am·

46 1824 91 1874 plius
104 1824 216 1862 subsistimus.
236 1822 318 1869 viocirca
333 1823 412 1873 discipuli
420 1824 456 1861 eius
466 1822 524 1862 eiiecti
536 1824 622 1869 (diseamus
636 1823 731 1861 Christiano
746 1824 780 1860 ritu

46 1882 107 1919 vivere.
134 1880 165 1926 Qui
182 1880 226 1918 eninr
248 1879 280 1917 aiio
298 1880 366 1917 nornine
383 1885 454 1918 avocatur
471 1885 589 1931 praeterquam
608 1880 650 1926 hon,
664 1879 692 1918 iile
706 1891 740 1916 non
754 1884 781 1917 est

47 1938 81 1975 Dei.
107 1936 180 1973 hettone
198 1947 238 1985 ergo
256 1936 318 1973 rnahun
337 1937 371 1973 hoc
389 1932 614 1982 fermentum,obsoletum
631 1943 648 1974 et
668 1936 745 1981 aeidum,
763 1941 780 1972 et

47 1993 182 2032 transmutemini
197 1993 213 2030 in
227 2003 289 2030 novum
302 1991 409 2039 ierrrrentum,
425 1993 470 2043 qarod
485 1998 511 2031 est
523 1993 572 2031 Iesus
581 1992 663 2031 Christus.
689 1990 727 2029 Saie
740 2002 780 2029 eou-

47 2051 147 2100 spergimiui
161 2049 178 2086 in
194 2050 237 2099 ipso,
252 2060 272 2086 ne
287 2050 325 2098 epus
342 2055 468 2099 conrpntrescat
481 2051 497 2088 in
513 2050 572 2096 vohis,
587 2051 627 2100 qrria
641 2048 713 2087 terroris
727 2048 780 2098 impe-

46 2113 74 2145 tus
88 2119 118 2145 vos
133 2111 197 2156 arguet.
216 2105 313 2143 dhsurdunr
327 2111 354 2144 est
368 2106 515 2146 Chustmniesum
530 2118 595 2154 avocare,
611 2111 628 2145 et
642 2106 732 2144 iudaizare.
749 2104 780 2142 Ne·

47 2176 80 2214 apere
94 2163 140 2202 enirn
154 2161 291 2201 Christianismus
305 2163 322 2201 in
336 2163 438 2201 Iudaismum
454 2164 535 2210 credidit,
549 2163 584 2202 sed
597 2163 691 2201 Iudaismus
703 2162 720 2200 iu
733 2161 780 2199 Chri·

47 2221 162 2259 stianisnruvn:
182 2221 227 2258 stoue
241 2220 296 2258 onrrris
309 2220 367 2270 lingua
381 2220 453 2260 erroneus
467 2222 485 2260 in
498 2222 551 2260 Deum
565 2219 638 2259 adunata
651 2224 682 2258 est.

138 2345 165 2383 nt.
191 2345 231 2385 Noe
244 2347 337 2395 custc'gcns,
350 2347 381 2385 scd
394 2358 424 2384 cos
436 2347 561 2396 pruerrtunt'ens
572 2345 615 2384 icccc
629 2345 691 2384 scribo.

98 2436 143 2472 IIaec
161 2440 217 2472 autern
235 2436 301 2480 scribo,
325 2436 382 2472 dilecti
395 2438 440 2481 mei,
460 2447 493 2472 non
512 2436 559 2483 qrrod
580 2435 696 2482 cognoverim,
716 2435 781 2483 aliquos

46 2497 120 2530 vestrum
135 2491 169 2529 hoe
183 2491 238 2529 animo
252 2491 323 2530 adiectos
337 2503 381 2537 esse,
396 2493 432 2539 sed,
446 2491 502 2529 nrinur
515 2490 569 2538 vohis,
583 2495 650 2529 cantum
662 2489 710 2528 vobis
724 2490 779 2540 cupio,

46 2561 68 2586 ne
84 2547 163 2586 incidatis
176 2546 193 2584 in
207 2547 266 2585 hamos
280 2548 335 2586 inanis
349 2549 443 2594 doctrinae,
457 2548 489 2586 sed
502 2552 521 2585 ut
533 2548 583 2596 piene
598 2548 640 2585 certi
652 2546 745 2585 reddamini
759 2547 780 2584 de

47 2604 131 2643 testivitate
145 2608 162 2642 et
175 2603 255 2653 passione
270 2609 286 2642 et
297 2605 428 2658 resurrectione,
442 2615 485 2655 quae
496 2603 568 2654 contigit
576 2608 652 2653 ternpore
662 2602 780 2652 praefecturae

98 2727 143 2767 *hh
169 2729 283 2768 Haerentem
297 2729 359 2777 scribo,
375 2730 431 2769 dilecti
441 2730 480 2776 urei,
495 2741 529 2767 nou
543 2726 590 2777 cpvaod
602 2726 660 2770 seiam,
675 2726 740 2777 aliquos
754 2739 780 2765 ve·

47 2794 101 2828 strum
119 2787 144 2826 sin
162 2785 234 2825 aiiectos
251 2797 299 2832 esse,
314 2787 345 2825 sed
358 2792 377 2826 ut
390 2788 446 2826 mirror
459 2791 533 2825 vestrum
552 2783 601 2834 cupio
619 2785 731 2834 praeservare
744 2796 780 2832 vos,

46 2857 68 2884 ne
82 2845 160 2884 incidatis
175 2844 192 2882 in
206 2843 265 2881 lrarnos
279 2842 354 2882 inanium
369 2845 477 2895 opinionum,
491 2843 522 2881 sed
536 2846 555 2879 ut
567 2840 636 2891 plenam
655 2841 735 2880 fiduciam
752 2842 780 2880 ha·

46 2903 101 2940 heatis
116 2902 133 2940 in
147 2900 242 2946 nativitate,
257 2904 274 2938 et
287 2900 376 2950 passione,
395 2907 412 2939 et
431 2899 568 2946 resurrectione,
587 2909 631 2948 ursae
651 2899 722 2948 contigit
740 2903 781 2937 tem·
