1793 3076
143 52 221 93 lubarll
234 54 336 94 EPISTULA
350 55 375 94 nb
391 56 521 97 sarranates.
535 57 569 96 Vll.
583 58 625 97 Vlll.
639 57 665 117 ll.
737 52 773 94 193

40 164 159 203 contradicunt
172 168 212 205 luric
231 169 275 206 dono
289 171 328 217 bei,
348 171 449 208 altercantes
466 171 566 209 moriuntur.
593 170 636 208 Utile
654 177 709 208 autem
728 175 775 208 esset

39 221 72 260 illis
87 220 162 273 diligere,
176 230 195 264 ut
208 231 224 264 et
238 233 353 277 resurgerent.
373 228 426 266 Decet
440 227 496 276 itaque
511 228 596 266 abstinere
610 228 698 275 atalibus,
712 232 730 266 et
742 239 774 265 nee

38 280 55 316 in
69 279 134 327 privato
152 291 184 318 nec
198 281 215 318 in
229 284 314 321 communi
332 284 418 333 colloquio
438 282 459 319 de
478 282 511 320 illis
529 283 580 320 verba
599 283 666 329 iacere3
685 285 773 321 attendere

40 339 95 373 autem
109 336 203 386 prophetis,
218 338 311 388 praecipue
324 345 380 378 autem
388 338 485 387 Evangelio,
499 339 516 376 in
530 350 563 387 quo
572 340 631 388 passio
640 340 691 377 uobis
699 346 773 386 ostensa,

39 397 56 430 et
70 393 174 431 resurrectio
187 394 262 443 perfecte
276 396 390 435 alerrronstrata
403 402 435 434 est
454 395 548 433 Divisiones
561 401 616 433 autem
624 395 688 444 legite,
701 401 720 434 ut
728 398 775 445 prin·

39 448 102 498 cipium
115 450 204 487 naulorum.

39 527 145 576 Quicumque
155 528 206 577 igitur
212 531 279 567 rainneri
290 532 345 570 eliuino
360 530 485 576 contradicunt,
495 530 606 578 disquirendo
618 530 719 567 moriuntur.
734 529 776 568 Con·

40 584 110 621 duceret
123 589 178 622 autem
187 585 228 634 ipsis
239 587 307 633 ,caritas
321 594 341 626 ut
352 593 368 626 ct
381 592 497 635 resurgerent.
524 587 577 624 llecet
590 587 642 636 igitur
655 585 740 624 abstinere
755 586 775 624 ab

40 640 128 687 eiusmodi,
143 651 175 677 nec
188 642 265 691 priuatim
279 655 311 681 nec
323 644 391 694 publice
405 644 425 682 dc
439 643 472 680 illis
487 643 545 692 loqui;
563 644 651 682 attendere
665 648 721 681 autem
734 643 775 682 Pro·

39 697 104 747 pbetis,
124 703 142 735 et
159 699 233 737 coritium
253 701 324 739 arranime
337 701 437 751 Evangelio,
451 700 469 737 in
487 711 521 749 qno
540 700 589 738 nobis
607 699 665 751 passio
680 700 702 737 ob
715 700 775 738 oculos

39 754 100 802 posita,
114 760 130 791 ct
144 756 248 793 resurrectio
262 758 338 805 perlecte
352 758 435 806 explicata
449 763 480 794 est.
508 756 636 806 Separationem
650 762 705 794 autem
716 756 775 806 sugite,

38 815 57 847 ut
70 809 135 848 iontem
149 810 236 849 malorum.

220 902 262 940 llll.
288 905 336 943 bttatt
349 905 386 941 sirac
400 906 477 953 episcopo
489 907 591 952 percqcter.

93 966 155 1005 Omnes
169 968 250 1020 episcopo
265 969 387 1020 obtemperate,
401 976 420 1007 ut
433 970 481 1008 lesus
497 970 574 1008 Glrristus
587 968 644 1015 Patri,
659 973 676 1007 et
686 969 775 1019 presbyte-

39 1024 65 1061 rio
80 1027 98 1060 ut
111 1023 203 1072 apostolis3
217 1025 298 1064 diaconos
308 1031 363 1065 autom
373 1026 484 1065 revereamini
492 1025 548 1064 utbei
559 1025 661 1063 mandatum.
680 1024 773 1075 Separatim

39 1079 59 1116 ab
74 1078 155 1129 episcopo
170 1092 220 1118 uenae
235 1081 327 1131 quidquam
340 1082 392 1120 faciat
404 1088 473 1129 corum,
493 1095 535 1132 quae
554 1083 574 1120 ad
590 1080 679 1119 ecclesiam
692 1087 775 1132 speciant.

40 1135 98 1174 Velina
111 1135 217 1175 Eucharistia
231 1138 313 1177 habeatnr
326 1138 362 1185 illa,
377 1150 420 1188 quae
438 1139 469 1177 sub
488 1140 571 1190 episcopo
585 1138 683 1189 peragitur,
702 1138 729 1176 vel
742 1139 774 1177 sub

40 1205 71 1240 eo,
93 1193 119 1230 cui
134 1194 171 1243 ipse
186 1196 297 1233 concesserit.
324 1196 355 1234 Ubi
369 1196 484 1246 comparuerit
498 1197 599 1247 episcopus,
617 1195 640 1233 ibi
653 1200 670 1233 et
682 1195 773 1234 multitudo

40 1251 71 1296 sita
91 1250 233 1298 quemadmodum
247 1252 277 1288 nbi
290 1252 342 1289 suerit
355 1252 432 1290 Christus
446 1253 506 1299 lesus,
519 1252 544 1289 ibi
558 1252 642 1290 catholica
654 1257 682 1289 est
694 1252 773 1291 ecclesia.

40 1307 77 1345 Non
91 1306 131 1345 licet
145 1307 181 1345 sine
195 1319 278 1357 episcopo
293 1320 349 1358 necpre
362 1307 458 1358 baptizare,
476 1320 532 1359 neque
550 1320 615 1358 agapen
629 1307 726 1354 celebrare,
744 1308 775 1346 sed

41 1363 156 1413 cprrodcunque
176 1363 206 1401 ille
220 1363 322 1414 probaverit,
337 1366 371 1402 boe
384 1371 400 1402 et
413 1366 448 1404 beo
463 1371 489 1403 est
502 1365 631 1414 beneplacitum,
646 1369 665 1402 ut
678 1364 745 1402 lirnunn
759 1371 777 1402 et

40 1419 113 1456 tralatum
126 1420 148 1456 sit
162 1430 211 1457 omrae
226 1420 272 1469 quod
285 1421 377 1469 peragitur.

92 1492 151 1536 *vtlt
179 1497 241 1536 Omnes
255 1498 358 1549 Episcopum
372 1498 472 1549 sequimini,
486 1505 505 1537 ut
518 1499 567 1536 lesus
581 1498 658 1537 Christus
671 1499 744 1542 Patrem,
758 1505 776 1537 et

40 1555 182 1604 Presbyterorum
196 1555 295 1603 collegium,
309 1561 390 1604 tanquam
403 1555 503 1605 apostotos;
521 1555 605 1593 Diaconos
623 1560 679 1592 aretem
698 1566 774 1593 reverea-

40 1611 90 1657 mini,
108 1614 127 1647 ut
144 1615 255 1660 praeceptum
274 1610 353 1648 divinum.
385 1610 425 1649 Sine
445 1610 530 1662 Episcopo
548 1622 598 1648 nemo
618 1610 708 1661 quicquam
725 1609 776 1648 iaciat

41 1678 106 1713 eorum,
121 1678 164 1716 quae
178 1671 256 1716 spectant
269 1668 290 1705 ad
304 1668 403 1705 Ecclesiam.
429 1668 453 1705 Ea
461 1667 568 1705 Eucliaristia
581 1672 617 1705 rata
631 1667 717 1712 habeatur,
733 1678 776 1716 quae

42 1722 74 1760 sub
83 1722 167 1773 Episcopo
182 1723 233 1760 luerit
246 1723 272 1760 vel
286 1724 313 1760 cui
326 1724 363 1773 ipse
374 1724 484 1761 concesserit.
510 1722 541 1761 Ubi
551 1723 666 1773 comparuerit
674 1723 774 1773 Episcopus,

41 1779 64 1817 ibi
77 1784 94 1817 et
106 1779 196 1817 multitudo
211 1780 240 1817 sit:
261 1780 403 1828 quemadmodum
416 1779 445 1817 rabi
460 1784 486 1818 est
500 1780 581 1825 Glrristus,
596 1779 619 1817 ibi
628 1779 704 1817 Ecclesia
718 1780 774 1817 catlro·

40 1836 77 1873 lica.
103 1836 140 1873 Non
153 1836 194 1873 licet
207 1836 243 1873 sinc
257 1836 342 1886 Episcopo
357 1848 412 1885 neque
425 1837 516 1886 baptizare,
530 1848 585 1885 neque
600 1847 664 1885 agapen
679 1836 775 1886 celebrare3

41 1893 72 1929 sed
86 1891 167 1941 quicquid
181 1892 207 1928 ille
221 1891 326 1941 probaverit,
341 1892 374 1929 boc
388 1896 404 1929 et
418 1893 451 1929 beo
466 1897 532 1941 gratum
546 1892 586 1937 erit,
600 1897 619 1928 ut
632 1890 699 1929 lirnium
713 1896 775 1929 ratum-

42 1959 75 1997 que
89 1948 119 1994 sit,
134 1947 216 1997 quicquid
230 1947 290 1997 agitur.

138 2049 165 2087 lli.
191 2050 280 2087 Honorctc
293 2050 395 2098 episcopan.
421 2049 450 2090 Me
462 2050 481 2088 e'n
495 2049 575 2087 abactas
587 2049 685 2087 recreastis.

94 2129 161 2168 Rationi
175 2134 250 2167 ceterum
265 2128 347 2172 convenit,
361 2128 422 2166 iterum
437 2127 505 2166 sobrios
519 2127 568 2174 fieri,
583 2133 600 2165 et
614 2127 652 2165 dum
667 2127 723 2165 adbuc
736 2133 777 2166 tem·

42 2197 74 2235 pus
88 2186 182 2232 babemus,
196 2186 217 2223 acl
230 2186 282 2223 beum
295 2195 326 2234 per
338 2185 461 2235 poenitentiam
476 2185 538 2223 redire.
563 2184 629 2223 Bonitus
642 2188 677 2230 est,
690 2185 743 2222 Ecum
762 2189 779 2222 et

44 2242 142 2292 episcopum
157 2243 247 2280 honorare.
273 2241 304 2286 Qui
325 2242 399 2279 honorat
418 2241 527 2292 episcopum,
546 2252 556 2278 a
574 2240 609 2278 Deo
629 2240 722 2278 honoratus
741 2247 776 2286 est,

45 2298 74 2346 qui
88 2299 131 2336 clam
146 2299 228 2347 episcopo
241 2297 304 2345 aliquid
323 2298 367 2346 agit,
388 2298 456 2335 diabolo
477 2299 572 2343 servitf-
586 2297 645 2334 creata
662 2308 708 2334 stunc
726 2296 778 2334 abun·

37 2354 104 2390 danter
117 2354 165 2391 uobis
184 2354 237 2404 gratia
254 2351 346 2401 largiatur3
364 2353 411 2402 digni
428 2353 474 2390 enim
494 2353 541 2390 estis.
568 2353 617 2389 (lurni
632 2352 687 2407 ¹modo
706 2363 734 2388 me
753 2364 778 2389 re-

44 2411 120 2457 creastis,
134 2416 151 2448 et
163 2421 193 2448 ros
207 2410 255 2448 lesus
268 2409 350 2447 Elaristus.
376 2409 467 2447 Absentem
485 2421 513 2447 me
530 2413 546 2446 et
562 2413 671 2458 praesentem
689 2408 778 2448 dilexistis.

44 2465 131 2504 Retribuat
144 2466 192 2503 vobis
201 2466 250 2513 lleus,
263 2470 335 2514 propter
345 2476 396 2513 quem
408 2466 463 2503 omnia
477 2466 581 2503 sustinentes
590 2465 646 2514 ipsum
656 2464 778 2513 adipiscemini.

96 2539 137 2583 *tlt
164 2544 300 2583 Consentaneum
317 2548 344 2582 esa
362 2544 443 2594 deinceps
460 2544 493 2582 ianr
506 2543 619 2593 resipiscere,
637 2547 655 2580 et
668 2542 707 2580 cium
721 2541 778 2579 adhuc

44 2607 111 2651 tempus
125 2601 213 2647 habemus,
227 2601 248 2638 ad
258 2600 311 2637 Eeuna
324 2611 356 2650 per
369 2601 491 2649 poenitentiam
506 2600 585 2638 converti.
611 2599 676 2635 Bonum
684 2602 715 2643 est,
724 2598 778 2635 Deum

45 2664 62 2696 et
77 2658 181 2709 Episcopum
198 2668 298 2707 agnoscere.
325 2656 356 2703 Qui
374 2657 449 2696 honorat
465 2656 578 2707 Episcopum,
596 2655 691 2693 bonoratur
709 2664 719 2692 a
737 2653 778 2702 ilco,

45 2714 75 2763 qui
89 2715 132 2753 clam
145 2716 247 2765 Episcopum
261 2713 325 2763 aliquid
338 2712 389 2760 facit,
409 2713 482 2752 diabole
496 2711 596 2761 obsequium
613 2715 693 2760 praestat.
720 2710 780 2750 Omnia

46 2770 97 2821 igitur
109 2772 157 2811 vobis
172 2783 210 2810 cum
224 2769 277 2821 gratia
290 2768 340 2818 fiant3
362 2770 409 2821 digni
423 2770 467 2809 enim
481 2769 527 2808 estis.
553 2767 586 2806 Per
600 2767 657 2806 omnia
670 2779 697 2806 me
714 2779 780 2807 recrea·

46 2827 87 2865 stis:
106 2830 128 2867 ita
143 2836 160 2867 et
174 2841 203 2866 vos
217 2832 284 2865 recreet
294 2826 342 2865 lesus
352 2826 434 2865 Glrristus.
459 2826 549 2864 Absentem
558 2835 585 2861 me
596 2830 613 2862 et
621 2829 731 2873 praesentem
741 2825 780 2862 dile-

45 2885 102 2931 nistis;
118 2885 200 2923 retribuat
209 2885 257 2922 voltis
266 2884 315 2930 beus,
325 2888 397 2933 propter
406 2894 456 2934 quem
467 2883 523 2921 omnia
531 2881 635 2920 sustinentes
643 2881 681 2931 ipso
691 2881 779 2931 potiemini

88 2948 146 2981 Parnes
158 2957 210 2982 arose.
629 2944 648 2978 13
