1793 3076
207 61 227 99 II.
241 63 355 102 currimns
369 65 395 102 nt]
411 63 456 103 COR.
473 63 500 105 IX.
514 64 533 105 X.
547 65 573 103 XI.
587 65 621 103 llll.
738 61 774 102 115

46 180 63 215 et
84 184 127 224 quae
141 175 158 212 in
171 176 223 214 corde
237 182 296 215 nostro
309 181 399 214 versantur
416 176 468 214 novit.
495 178 556 216 Demus
579 178 636 228 itaque
660 179 684 216 illi
705 175 778 225 laudem,

46 243 80 270 non
94 230 114 268 ab
129 242 159 270 ore
173 233 233 279 solum,
247 234 277 271 sed
292 233 342 270 etiarn
356 244 376 270 er
390 231 450 278 eorde,
464 238 483 270 ut
495 244 528 270 nos
541 239 620 284 tanquam
634 234 678 273 filios
692 235 778 284 suscipiat.

46 287 111 359 Etenim
125 288 203 327 dominus
218 289 268 327 dixit:
281 289 349 335 ,iratres
362 288 396 326 mei
410 293 450 324 sunt
463 289 480 334 ii,
494 289 523 337 qui
535 288 600 327 iaciunt
612 291 714 330 uoluntatem
724 292 778 342 patris

46 356 85 384 rner.

63 446 81 484 x.
109 447 153 487 Vitia
172 446 232 484 relicto
244 448 325 484 oIrtuteru
336 456 468 496 persequamur,
482 451 498 483 et
510 446 556 484 dorsa
567 446 654 495 prorutaso
666 449 760 486 mundanas

305 525 435 564 praeponamus
448 513 520 552 deliciis.

97 593 148 641 Ergo,
162 592 224 630 iratres
237 593 275 638 urei,
290 592 370 630 iaciamus
383 593 486 630 saluritatem
500 592 563 641 patris,
581 593 610 641 qui
623 594 689 631 vocarit
702 606 745 640 nos,
763 601 782 633 ut

46 651 131 695 vivarnus3
150 654 167 688 et
183 660 307 700 persequamur
323 650 380 698 potius
394 649 481 696 virtutem,
494 648 553 687 vitium
568 654 623 687 aaran
638 649 780 701 alereIInquaraus¹

48 707 98 745 ueluti
116 717 245 753 praecursorem
264 705 348 742 sceleramr
365 711 474 753 nostrorum3
499 710 516 741 et
532 705 616 755 iu'giarnus
632 707 739 757 impietatem,
759 720 781 745 ue

47 774 78 800 nos
92 761 135 798 mola
149 761 300 809 comprehendant.
318 761 359 798 Nau]
373 762 388 798 si
401 761 445 798 hene
459 772 510 810 agere
516 761 639 807 studuerimus,
655 763 782 801 consectabitur

48 830 79 856 nos
93 829 130 867 par.
156 817 204 855 Hanc
218 817 239 854 oh
254 828 322 854 causam
339 829 376 855 earn
391 814 468 867 [pacem]
487 828 520 854 non
540 817 627 867 reperient
645 818 732 866 homines,
753 820 782 869 qui

47 874 125 912 humanis
138 874 228 911 timoribus
243 874 333 916 ducuntur,
347 879 474 923 praeponentes
487 872 591 921 voluptutem
604 880 713 922 praesentem
722 887 781 924 repro·

48 930 125 968 missioni
138 930 210 967 laturae.
223 929 312 979 'ignorant
325 930 370 967 eninr
384 933 465 979 quantum
479 927 540 966 lrabeat
553 934 657 967 tormentum
665 930 716 968 huius
726 931 782 970 seculi

47 987 130 1036 voluptas,
145 991 162 1024 et
171 986 229 1035 quales
240 986 301 1024 haheat
310 985 380 1024 delicias
388 987 445 1023 lirtura
453 986 551 1035 promissio.
570 986 593 1023 do
603 987 677 1036 quidem,
686 988 700 1024 si
708 987 741 1037 ipsi
750 988 782 1026 soli

47 1045 79 1081 ista
93 1043 176 1089 lacerent,
197 1043 285 1081 tolerabile
301 1048 356 1090 esset,
377 1043 410 1080 ianr
428 1053 468 1080 vero
486 1047 606 1092 perseverant,
623 1043 701 1081 insontes
718 1044 782 1082 animas

48 1099 103 1151 prcus
118 1098 200 1138 doctrinis
213 1098 299 1144 imbuere,
319 1100 417 1137 nescientes
437 1099 483 1148 quod
502 1097 587 1148 duplicem
601 1098 688 1138 habebunt
702 1100 781 1139 condem·

48 1157 137 1202 irationem,
151 1161 167 1194 et
180 1156 219 1207 ipsi,
234 1162 251 1194 ct
265 1156 293 1206 qui
307 1155 377 1194 audiunt
390 1168 425 1194 cos.

74 1282 100 1320 XI.
124 1282 194 1321 DIoa'uis
205 1282 294 1332 proruIsse's
308 1281 360 1331 prora
373 1282 454 1320 naberues
466 1281 564 1319 seroc'oraus
576 1282 619 1326 Deo,
634 1286 649 1319 et
662 1283 694 1321 erit
707 1283 756 1321 uobis

328 1351 415 1388 beatitudo
429 1354 505 1388 aeterua.

101 1427 135 1465 llos
150 1438 190 1477 ergo
204 1427 222 1465 in
242 1426 294 1466 conlo
307 1438 351 1477 puro
367 1425 401 1464 lieo
416 1426 518 1473 servimus,
540 1430 557 1463 et
574 1425 637 1463 erimus
654 1427 703 1474 iusti3
722 1428 784 1476 quodsi

50 1489 106 1522 autern
120 1494 154 1521 non
168 1484 282 1530 servierimus,
295 1495 329 1521 non
338 1483 426 1520 eredendo
435 1483 525 1532 promissis
535 1482 569 1529 Dei,
583 1483 642 1520 miseri
652 1484 721 1521 erimus.
739 1484 783 1522 Dicit

50 1541 93 1578 euim
108 1545 125 1577 et
137 1551 194 1578 sermo
208 1540 329 1590 propheticus:
347 1539 411 1585 ,mIseri
425 1545 475 1585 sant,
494 1539 523 1588 qui
537 1539 592 1576 arrinro
607 1538 685 1588 duplices
700 1544 717 1577 et
730 1540 783 1578 eorde

51 1596 97 1633 rlulrii
112 1601 160 1643 sunt,
178 1596 207 1645 qui
226 1596 292 1634 dicunt:
310 1596 353 1633 iraec
372 1596 428 1632 onmia
446 1596 539 1634 audivimus
553 1596 603 1633 etiarn
622 1600 698 1645 tompore
717 1601 783 1645 patrum

51 1658 158 1699 nostrorunr3
172 1664 203 1690 nos
217 1664 257 1690 vero
272 1653 317 1690 [liena
331 1652 351 1690 de
366 1651 392 1689 die
406 1657 524 1701 exspectantes
544 1651 585 1689 nihil
598 1651 660 1690 Iroriun
673 1652 750 1690 viduus.
771 1653 784 1690 0

51 1709 95 1755 laturi,
111 1714 208 1759 comparato
221 1720 251 1748 vos
266 1708 333 1757 orlrori5
346 1708 396 1746 vitem
405 1710 471 1747 sumite.
487 1708 562 1746 Primum
573 1707 641 1757 quidem
650 1708 695 1747 loliis
704 1708 784 1755 trudatur,

51 1776 121 1815 geunnen
133 1771 193 1815 postea
202 1765 225 1812 fia,
240 1766 322 1816 posthaec
331 1777 363 1803 uva
378 1765 445 1811 acerba,
459 1765 527 1804 tandem
541 1766 608 1803 demum
621 1777 653 1803 uua
665 1770 736 1803 matura.
759 1766 784 1803 lta

52 1827 68 1859 et
85 1822 159 1872 populus
177 1833 225 1859 rneus
240 1823 340 1871 agitationes
359 1827 375 1859 et
388 1833 477 1870 pressuras
495 1821 541 1865 tulit,
562 1820 623 1859 deinde
640 1820 685 1859 boun
699 1819 784 1870 excipiet‘

51 1878 113 1928 ltaque,
127 1877 188 1915 tratres
201 1879 240 1925 sirei,
254 1878 309 1915 arrimo
324 1889 345 1914 uc
359 1877 436 1926 duplices
450 1879 509 1922 simus,
524 1878 555 1915 sed
563 1881 651 1926 sperantes
662 1878 782 1924 sustineamus,

52 1941 70 1971 ut
90 1939 107 1971 et
126 1934 222 1972 mercedem
234 1939 347 1985 reportemus.
374 1933 495 1972 Fidelissima
513 1939 540 1971 est
557 1934 585 1982 qui
604 1932 690 1981 pollicitus
710 1939 746 1976 est,
765 1945 784 1971 se

52 1990 144 2039 unucuique
158 1991 265 2029 redditurum
280 1990 373 2028 secundum
388 2001 440 2040 opera
454 1991 496 2028 eius.
515 1989 533 2027 Si
547 2002 588 2039 ergo
598 1988 690 2028 iecorInrus
703 1989 784 2028 iustitiam

52 2058 108 2084 eorum
122 2047 166 2093 Deo,
187 2048 205 2085 ia
222 2059 292 2097 regnum
307 2047 351 2085 illius
365 2046 491 2095 ingrediemur,
506 2051 523 2084 et
537 2047 639 2096 accipiemus
652 2046 784 2096 promissiones,

52 2115 100 2151 ,quas
114 2105 159 2141 auris
173 2116 208 2143 non
222 2105 294 2149 aardivit,
312 2115 344 2141 uec
359 2103 418 2141 oculus
431 2104 483 2149 sidit,
496 2115 574 2152 quaeque
587 2103 605 2140 in
620 2114 650 2140 eor
663 2103 736 2141 hominis
750 2114 784 2141 non

52 2157 177 2198 ascenderunt}

212 2261 246 2300 llll.
272 2262 396 2311 Euspeetenaus
409 2262 486 2311 quotidie
499 2272 571 2311 reqruuru
584 2262 624 2301 oet.

104 2353 157 2402 Igitur
174 2354 192 2390 in
210 2354 261 2391 lauras
279 2362 350 2401 reginum
363 2352 393 2389 Dei
412 2357 530 2402 exspectemus
550 2352 567 2390 iu
584 2352 665 2389 charitate
685 2356 702 2389 et
718 2351 786 2398 iustitia,

54 2409 190 2458 ‹pirandoquidem
203 2409 289 2447 nescimus
303 2407 348 2445 diem
361 2408 443 2445 adrentus
453 2409 489 2446 llei.
509 2408 625 2458 Interrogatus
639 2408 684 2445 eninr
696 2407 786 2456 aquodam

53 2562 88 2596 uri.
111 2564 156 2597 Forte
170 2561 257 2604 legendum:
272 2558 303 2595 οὐκ
317 2558 366 2596 ’ἐστιν
380 2558 408 2595 sri-
462 2561 497 2604 Cap.
510 2560 533 2595 XI.
560 2560 575 2604 1)
589 2559 645 2594 Eadem
661 2557 724 2600 legimus
738 2566 783 2600 supra

54 2607 196 2653 praemunisse.
208 2605 239 2651 ripn
250 2602 327 2654 εἰρήνην]
339 2602 410 2652 ἄνθρω-
431 2606 446 2641 in
458 2607 503 2641 Clem.
515 2608 526 2641 l.
537 2607 564 2650 Ep.
576 2606 595 2639 ad
608 2605 641 2638 Cor.
653 2615 665 2637 a.
677 2603 703 2636 23.

54 2663 88 2687 πον
99 2656 135 2697 [Pro
143 2650 255 2702 ἀνθρώπους]
266 2653 302 2686 uri.
313 2653 330 2685 ll.
353 2653 410 2685 Italam
463 2653 481 2697 2]
493 2654 528 2697 llpc.
542 2652 575 2686 υἱοὶ
590 2652 635 2684 Wott.
649 2653 747 2692 praepostere
762 2648 787 2682 hio

55 2697 144 2734 Galliaeiolli
161 2701 211 2735 loeium
230 2698 319 2733 luxuriatum
339 2698 409 2741 restituit,
430 2698 498 2742 inseruit,
513 2698 559 2731 literis
576 2694 665 2740 quibusdam
679 2694 713 2728 listi
727 2694 786 2729 interli-

54 2751 118 2789 parneio,
131 2748 171 2792 qarod
182 2747 221 2789 vulg.
233 2750 269 2789 post
280 2740 376 2794 ἄνθρωπον
387 2746 410 2778 le·
431 2745 501 2779 nearihus
511 2754 564 2787 parum
574 2740 660 2775 iutelleetIs

55 2791 121 2834 gebatur,
133 2794 148 2827 iu
159 2794 232 2835 virgulam
243 2797 304 2825 mutata.
327 2792 371 2825 Nolle
383 2792 410 2825 de·
463 2792 479 2834 3)
490 2792 569 2824 Wottonus
584 2788 637 2822 eodem
652 2799 704 2821 errore
715 2788 786 2822 seductus

55 2833 84 2869 leto
97 2833 194 2887 diurpanei
205 2837 234 2880 legi
245 2837 277 2872 vult
288 2833 347 2881 odedu.
430 2835 512 2879 Interpouit
522 2832 553 2869 ἔτι.

30 2921 33 2927 ‚
85 2882 102 2925 3)
114 2883 144 2920 cn.
154 2886 185 2927 Igu.
197 2885 216 2918 ad
227 2884 265 2927 Epir.
277 2895 289 2917 a.
302 2883 326 2917 tt.
462 2883 479 2925 4)
490 2881 520 2916 cn.
531 2880 565 2915 lsai.
576 2881 601 2922 dt,
613 2880 628 2914 4.
640 2880 689 2914 lCor.
701 2880 716 2922 2,
728 2880 742 2914 9.
798 2882 800 2886 '

634 2936 657 2970 g.
