1793 3076
168 64 252 103 uuillen
264 64 351 105 PASTOR.
378 64 441 104 llhuh
454 64 484 106 lh..
506 63 590 103 SldllLlT.
604 61 630 101 lX.
644 57 670 109 (B)
746 54 783 97 553

50 176 122 214 eeclesia
137 177 165 214 hei
178 189 230 215 unum
250 190 313 227 eorpus
331 184 349 216 et
368 190 412 216 unrrs
426 190 496 224 sensns,
510 189 544 216 arna
563 176 606 215 tides
629 180 646 215 et
665 187 698 214 eina
715 173 782 213 caritas.

49 232 69 270 llt
83 236 123 271 tunc
136 231 180 272 lilius
194 233 224 272 Dei
236 233 325 273 laetabitur
339 235 356 272 in
369 234 407 281 illa,
427 240 444 272 et
456 234 540 284 percipiet
552 233 654 284 voluptatem
673 243 693 271 ea
710 235 781 281 recepto

48 300 92 338 puro
105 289 169 339 populo
184 301 220 328 suo.
247 290 311 341 Magne,
326 290 398 340 inquam,
412 290 485 336 domine,
499 294 517 328 et
530 290 601 328 honeste
612 294 672 327 cuncta
684 288 781 328 se-hahent.

49 345 98 383 Nunc
111 346 151 383 nrihi
166 347 269 392 demonstra,
287 346 359 392 domine,
373 352 390 384 et
407 347 543 396 uniuscuiusque
557 347 679 395 poenitentiam
697 351 714 383 et
727 350 780 390 actus,

49 397 149 453 ut²vomnis
171 403 224 440 anima
243 414 313 451 sperans
333 401 422 450 fidensque
439 403 456 439 in
474 403 527 439 Deunr
549 402 610 439 auditis
629 402 655 439 his
675 402 747 440 miretur
764 406 782 439 et

50 457 133 494 honorem
147 462 164 494 et
177 458 248 506 gloriam
263 458 309 494 iham
325 468 401 506 magnam
416 463 433 494 et
447 457 570 503 admirabilem,
589 457 620 497 sed
633 462 651 495 et
668 469 729 495 nomen
745 457 781 495 eius

49 512 149 560 gloriosum.
175 513 217 550 dudi
230 524 276 550 nunc
290 524 331 561 erge
345 517 362 549 et
375 512 473 549 varietatem
489 512 571 550 montium
584 513 646 551 horum
661 517 678 551 et
692 513 782 552 duodecim

49 567 129 618 gentium.

101 665 125 717 (n)
137 668 180 705 XlX.
206 668 230 706 lle
244 669 299 716 primo
313 673 370 706 inorata
383 668 432 717 nigro
447 669 477 717 qui
491 668 607 719 erediderunt,
622 668 664 706 tales
678 674 718 706 suut
728 674 783 707 traus-

49 726 107 776 lugm,
126 723 220 774 blasphemi
237 729 254 763 et
272 724 370 774 proditores
390 735 478 763 servorum
496 724 532 763 Dei.
559 723 602 775 ipsis
621 735 655 762 nou
674 724 784 775 poenitentia,

49 783 80 819 sed
94 793 140 818 inors
154 786 189 826 est3
202 781 275 829 ideoque
289 786 306 819 et
319 782 364 829 nigri
377 786 427 824 sunt,
440 782 479 829 qnia
493 792 547 830 genus
561 792 621 818 eorum
642 781 734 819 scelestum
752 785 784 820 esti

50 838 73 877 lle
87 836 164 875 seeundo
178 841 286 874 veromente
296 831 350 874 aridol
364 836 406 873 tales
420 842 464 879 sunt,
479 837 508 886 qui
523 836 634 874 erediderunt
647 836 688 878 heti,
703 837 783 875 doctores

49 893 139 943 nequitiae.
165 892 186 931 Et
199 892 286 943 prioribus
300 892 364 932 similes
379 897 423 940 sunit,
437 904 472 931 non
485 892 567 931 hahentes
582 893 626 933 inse
640 893 715 931 fructum
726 893 783 944 aequi-

50 950 97 997 tatis3
112 954 129 987 et
143 949 187 988 sicut
198 961 248 987 mons
262 960 320 987 eorum
338 948 401 988 sterilis
416 953 432 987 et
446 949 482 987 sine
496 950 553 987 lrnetn
567 954 603 996 est,
617 951 639 988 ita
654 955 671 987 et
684 950 783 989 huiusmodi

49 1007 127 1045 homines
135 1006 198 1045 hahent
208 1005 276 1055 quidem
284 1017 351 1050 nomen,
367 1004 401 1044 fide
413 1017 454 1043 uero
464 1006 523 1044 inertes
537 1012 582 1052 sunt,
596 1017 652 1056 neque
665 1005 710 1044 ullus
719 1005 736 1043 in
750 1006 783 1045 illis

49 1064 115 1102 lrnetus
129 1062 204 1101 veritatis
219 1067 250 1101 est.
277 1063 316 1101 lstis
330 1074 371 1111 ergo
386 1062 424 1101 alata
433 1068 459 1101 est
468 1057 585 1113 poenitentia,2
599 1064 614 1102 si
629 1064 662 1102 cito
675 1074 711 1101 eam
721 1062 784 1102 luerint

50 1121 113 1164 seduth
127 1119 142 1156 si
155 1124 210 1156 autem
224 1119 331 1164 tardaverint,
346 1130 384 1156 cnm
399 1119 432 1156 illis
446 1120 505 1169 primis
520 1119 552 1157 erit
565 1132 612 1157 mors
627 1131 691 1157 eornm.
718 1119 740 1169 lit
750 1120 783 1158 dini

50 1176 74 1213 ei:
95 1174 168 1219 domine,
182 1186 235 1223 quare
248 1175 286 1212 istis
304 1174 373 1223 quidem
386 1174 429 1212 'data
448 1181 474 1213 est
492 1170 610 1224 poenitentia,3
625 1175 712 1225 prioribus
727 1181 782 1214 autem

50 1243 85 1280 non
99 1236 124 1269 cst
138 1229 187 1269 dotat
212 1229 268 1267 Paene
288 1230 338 1277 enini,
359 1230 432 1276 domine,
451 1230 515 1268 similes
529 1234 569 1268 sunt
583 1235 630 1269 actus
645 1241 709 1269 eorum.
735 1231 782 1278 ldeo,

49 1287 109 1336 inquit,
123 1287 160 1324 istis
174 1286 277 1336 poenitentia
290 1286 392 1334 position,
407 1286 447 1335 quia
459 1286 501 1322 nihil
514 1286 583 1324 nefandi
595 1288 613 1324 in
631 1288 720 1325 hominum
733 1299 783 1325 suum

49 1344 102 1381 locuti
116 1348 160 1389 sunt,
174 1354 230 1392 neque
243 1343 341 1392 proditores
351 1352 440 1380 servornm
448 1342 478 1380 lici
487 1342 561 1388 liranum,
575 1343 606 1381 sed
615 1348 686 1392 propter
699 1344 783 1392 quandam

50 1399 145 1449 accipiendi
160 1398 268 1448 cupiditatem
286 1398 384 1436 fefellerunt
398 1399 475 1436 homines
494 1398 571 1436 docendo
589 1399 684 1436 secundum
699 1399 784 1437 desideria

50 1455 154 1504 singulorum
169 1454 281 1503 peccantium,
296 1454 325 1502 qni
339 1459 356 1490 et
369 1454 433 1490 latone
446 1454 483 1490 eius
493 1455 518 1489 rei
529 1465 606 1500 poenam.
632 1454 671 1491 ldco
682 1454 718 1492 istis
728 1455 784 1503 posita

50 1517 77 1548 est
89 1510 194 1560 poenitentia
208 1520 239 1555 co,
259 1509 305 1558 quod
319 1520 353 1548 non
366 1509 435 1548 lecerunt
450 1508 555 1546 detractores
569 1507 641 1552 homini,
656 1521 712 1559 neque
727 1509 783 1560 prodi·
817 1513 818 1518 ’

50 1571 97 1605 tores
111 1577 199 1604 servorum
213 1565 255 1603 eins.
706 1589 708 1591 »

103 1680 126 1731 (a)
139 1683 173 1722 XX.
200 1685 223 1721 lle
242 1684 292 1721 tertio
311 1695 350 1721 vero
370 1684 480 1732 reincoepit
497 1678 577 1720 trihnlos1
594 1683 686 1733 spinasque
704 1684 783 1730 habehat,

49 1740 72 1778 illi
85 1746 129 1784 surae,
144 1739 174 1788 qui
187 1738 283 1788 locupletes
297 1739 412 1777 erediderunt.
438 1739 459 1775 Et
473 1739 540 1788 quidam
554 1750 613 1776 eorum
624 1739 702 1788 plurimis
710 1741 783 1789 negotiis

50 1807 69 1833 se
83 1795 209 1844 obligaverunt3
229 1794 288 1831 tribuli
307 1795 351 1831 enim
370 1795 448 1832 homines
468 1795 564 1843 locupletes
583 1800 632 1840 sunt,
651 1795 710 1843 spinae
727 1799 783 1833 autern

50 1851 79 1896 illi,
93 1852 122 1901 qui
136 1849 192 1888 multis
207 1850 280 1899 negotiis
294 1855 334 1887 siunt
347 1849 421 1899 obligati.
447 1850 468 1887 lli
482 1861 533 1899 ergo,
554 1850 583 1898 qui
602 1850 680 1899 plurimis
697 1852 783 1901 uariisque

50 1908 101 1945 relius
114 1906 190 1956 impliciti
204 1911 253 1949 sunt,
268 1918 302 1944 non
317 1918 335 1945 se
349 1907 443 1955 adiungunt
455 1906 485 1944 uei
499 1905 562 1952 servis,
576 1906 607 1944 sed
621 1912 712 1945 ai'oeantnr
724 1907 742 1945 in
756 1908 783 1946 his

50 1963 128 2012 negotiis,
143 1974 152 2000 a
166 1962 227 2012 quihus
242 1961 353 2000 solidarentur.
379 1956 549 2011 Locupletes'autem
564 1960 602 2001 duri
616 1968 665 2008 sunt,
685 1968 702 2001 et
720 1975 741 2001 ne
755 1964 783 2001 ali·

51 2019 92 2068 quid
108 2012 219 2067 poscantur,²
237 2019 258 2055 ad
275 2019 421 2055 conversationem
439 2029 527 2055 servorum
545 2019 576 2055 liei
595 2024 672 2056 metuunt
689 2020 783 2065 accederc3

50 2075 83 2125 ipsi
96 2075 141 2113 enim
154 2073 223 2111 difficile
240 2074 258 2110 in
271 2086 342 2122 regnum
355 2073 385 2111 Dei
398 2074 489 2112 intrahunt.
516 2074 563 2112 Sicut
582 2075 627 2113 enim
645 2086 698 2124 snper
711 2074 784 2115 trihulos

50 2132 150 2170 excalciatus
160 2129 229 2168 difficile
237 2130 315 2177 ambulat,
327 2131 351 2169 sic
359 2135 377 2169 et
386 2130 484 2168 huiusmodi
493 2130 570 2169 homines
581 2130 651 2169 dillieile
661 2131 683 2170 ita
692 2125 783 2179 aaronem,

656 2191 660 2207 d

51 2233 182 2241 ...u—›—

82 2294 98 2337 8)
111 2294 188 2328 tardema·
198 2294 235 2334 Vat,
250 2293 284 2327 dein
295 2295 311 2328 hi
321 2304 336 2337 p.
347 2296 383 2338 ipsi.
459 2296 476 2339 4)
489 2300 503 2329 et
517 2298 546 2338 ipsi
562 2297 623 2338 difficile
638 2306 653 2337 p.
670 2297 701 2338 ipsi
715 2297 784 2339 difficiles

82 2340 99 2384 o)
111 2341 134 2374 his
146 2340 177 2373 lat.
427 2341 467 2383 lat,
484 2341 509 2385 qni
522 2342 576 2374 iterum
592 2340 652 2375 invertit
663 2342 687 2375 dei
703 2340 782 2384 servorem)

84 2386 110 2429 10)
122 2386 188 2420 adnuisse
200 2388 233 2418 sceret
244 2383 274 2420 inv,
285 2385 316 2418 Vat.
429 2386 483 2420 deinde
493 2397 511 2420 eee
523 2387 580 2430 alepieee
591 2395 606 2428 p.
617 2395 635 2419 tie
647 2388 686 2429 perid.

83 2432 108 2474 11)
118 2432 197 2476 penitentie
208 2431 240 2464 Vnt.
460 2434 476 2475 5)
491 2433 516 2465 liii
529 2432 559 2465 Vat.
577 2430 607 2463 ch.
619 2431 669 2464 llatth.
685 2431 708 2473 19,
720 2431 745 2465 23.
757 2433 782 2467 24.

83 2477 109 2519 12)
121 2478 183 2511 trahendi
199 2477 229 2510 des.
242 2476 257 2510 in
273 2477 314 2519 laea,
329 2477 354 2520 qui
372 2477 406 2511 dein
460 2478 476 2522 ct
488 2479 527 2513 Sieret
539 2477 643 2519 eeirrepeelihus
652 2478 783 2520 accolentium,

51 2524 83 2556 eth.
97 2525 169 2557 desiderio
180 2533 195 2565 p.
207 2523 300 2565 cupiditates.
428 2523 454 2567 qui
466 2534 494 2558 cm.
506 2529 520 2558 et
531 2528 564 2556 ante
576 2523 669 2563 istiusmodi]
688 2523 782 2567 excluditqne

82 2570 108 2613 13)
121 2571 147 2603 'sed
158 2569 225 2603 tormenti
241 2568 353 2612 leisprepoeite
362 2570 406 2611 peui-
427 2570 487 2612 pnnctis
494 2569 579 2612 suppositis
593 2569 666 2602 erithrelere
677 2573 711 2603 ante
722 2571 783 2604 intrare.

51 2615 97 2647 tentio
109 2618 131 2648 est
142 2614 173 2648 lut.

84 2658 155 2702 CapXX
178 2659 193 2702 1)
204 2659 256 2693 diuites
269 2659 327 2700 cecidero
338 2661 363 2701 qui
370 2661 408 2702 phe·
461 2659 478 2702 2)
489 2663 503 2692 et
514 2658 546 2692 Pal.

49 2704 91 2738 rionis
102 2705 167 2739 adstricti
179 2708 213 2738 secret
224 2705 286 2746 ceperatis
298 2704 328 2737 lat.
460 2705 495 2746 Cap.
506 2704 542 2736 XlX.
564 2702 581 2746 1)
593 2705 651 2737 aridem
661 2703 692 2737 Pal.

81 2750 98 2793 2)
111 2754 160 2785 eutem
170 2751 201 2784 Vat.
220 2749 250 2782 cfr.
261 2749 312 2783 ltattl.
325 2749 349 2791 13,
361 2750 386 2784 22.
460 2749 476 2792 2)
486 2749 580 2792 penitentiam
590 2749 622 2781 Pal.

73 2796 99 2840 .3)
111 2806 144 2830 uero
160 2796 201 2838 lat,
220 2794 246 2829 uhi
262 2796 366 2838 transponitur
382 2797 406 2830 dei
459 2796 475 2837 3)
485 2794 580 2838 penitentium
591 2794 622 2827 Pal.

51 2843 102 2883 seruis,
116 2852 151 2875 mon
161 2843 209 2876 eeeete'
221 2851 236 2884 p,
248 2843 317 2875 reuocati.
333 2841 364 2875 ch.
375 2843 405 2875 Vis.
459 2841 494 2882 Cap.
505 2840 534 2872 XX.
557 2840 572 2881 1)
585 2841 642 2874 tripietis
654 2841 686 2874 Pal.

51 2887 65 2926 3,
77 2887 91 2920 o.
107 2888 142 2921 Sim.
154 2887 169 2929 8,
180 2887 195 2922 8.
207 2887 222 2921 9.
459 2887 476 2930 2)
485 2889 556 2929 piscano
566 2885 597 2920 Pal.
614 2885 668 2921 Postea
680 2891 749 2923 cretaeae.
760 2923 762 2926 ,
782 2913 783 2916 η
