1793 3076
106 78 184 120 rodurn
198 81 298 125 EPISTULA
311 87 337 126 hl]
351 83 554 129 PhlbhEEbPHENSES.
574 86 594 127 h.
607 84 636 126 lli.
651 86 678 126 IV.
721 81 758 125 177

76 215 95 253 li.
117 217 177 257 Tenen
190 222 272 259 outonem
286 234 325 260 curo
338 222 421 271 episcopo,
436 226 452 258 et
465 223 519 272 sopite
530 235 597 272 procos
610 225 704 263 doctrines.

75 294 113 333 Eilii
126 297 183 348 itaque
196 298 239 337 lucis
254 305 271 337 et
283 299 365 346 veritatis,
378 300 431 349 fugite
445 299 544 338 divisionem
558 306 575 339 et
586 313 647 351 pravas
660 302 756 348 doctrinam

24 352 53 390 ubi
67 352 135 401 quidem
148 361 208 404 pastor
221 361 252 402 est,
267 356 328 393 eodem
341 360 360 392 ut
374 367 414 393 oves
427 356 528 404 sequamini.
554 356 601 395 hlulti
614 358 659 395 enim
667 359 708 408 lupi,
722 358 756 396 fide

24 409 71 458 digni
84 408 143 457 habiti,
156 410 259 460 perniciosis
272 410 387 461 voluptatibus
401 423 431 450 eos
444 412 519 462 copiunt,
533 413 563 462 qui
576 413 597 451 ad
609 413 662 452 benur
676 420 756 463 currunt3

25 465 86 503 sedin
100 472 156 503 vestra
170 468 262 505 concordia
276 479 311 505 non
324 467 411 506 habebunt
424 467 486 505 locum.

75 562 112 604 *lh
141 568 225 614 Quocirca
246 569 276 608 filii
294 568 337 608 lucis
357 570 433 609 veritatis
451 570 504 620 sugite
525 569 614 608 dissidium
631 574 648 608 ct
666 582 757 621 perversas

24 624 116 662 doctrinas.
143 623 175 662 Ubi
192 637 232 663 vero
246 631 305 676 postor
319 631 354 672 est,
372 626 412 664 iiiuc
430 633 447 664 et
464 639 504 665 oves
524 626 620 676 sequimini.
647 627 694 665 hiulti
713 628 758 665 enirn

24 680 59 729 lupi
72 680 147 731 speciosi
161 692 196 728 eos,
211 682 240 731 qui
253 684 270 721 in
284 683 314 721 bei
327 682 382 721 stadio
396 689 468 722 currunt
480 683 588 734 perniciosae
602 682 691 734 voluptatis
705 683 757 721 illicio

24 737 99 829 paptivos
117 739 273 788 comprehendunt,
293 740 355 778 sedin
374 746 430 779 vestro
447 740 539 778 concordia
558 739 614 778 nullus
633 740 675 790 ipsis
690 739 758 778 dabitur

31 804 79 831 ocus.

268 898 307 953 ΙΙΙΙῚ
322 900 384 948 Fupttc
397 901 519 937 schismaticos.

77 973 164 1013 Abstinere
178 973 198 1012 ab
212 976 271 1014 herbis
284 977 345 1021 noxiis,
359 989 400 1027 quas
415 977 463 1016 lesus
473 977 548 1016 Christus
562 988 597 1015 ron
613 976 658 1024 colit,
672 977 759 1027 quianon

25 1037 65 1069 sunt
77 1030 159 1082 plantatio
169 1031 229 1071 Patris.
248 1033 285 1071 Non
300 1033 345 1083 qnod
359 1035 405 1084 apud
417 1046 446 1072 vos
461 1035 559 1073 divisionem
573 1034 671 1081 invenerim,
686 1034 717 1072 sed
730 1034 758 1072 de·

25 1087 142 1126 saecationem.
165 1087 251 1138 Quotquot
264 1091 309 1127 enim
320 1091 350 1128 Dei
364 1096 381 1128 et
394 1092 433 1128 lesu
447 1090 509 1128 Christi
523 1095 571 1136 suut,
586 1091 657 1128 bisunt
672 1102 710 1128 cum
723 1091 758 1140 epi·

26 1155 91 1193 scopo;
104 1150 122 1182 et
135 1149 219 1193 quotquot
231 1147 336 1195 poenitentia
346 1147 391 1185 ducti
410 1147 493 1185 redierint
506 1146 528 1185 ad
540 1146 623 1184 unitatem
638 1146 727 1192 ecclesiae,
741 1152 759 1184 et

27 1200 45 1237 hi
58 1199 88 1238 Eei
103 1204 160 1245 erunt,
178 1206 197 1237 ut
211 1201 305 1239 secuudum
318 1203 374 1240 lesum
388 1202 473 1239 Christum
486 1203 545 1240 virano
570 1202 595 1239 Ne
609 1203 681 1249 erretis,
696 1201 757 1239 fratres

26 1256 65 1295 ruci.
93 1255 111 1292 Si
125 1256 162 1304 quis
175 1257 249 1295 schisma
262 1257 351 1297 facientem
365 1263 450 1303 sectatur,
465 1261 514 1308 regni
528 1258 580 1296 divini
593 1258 716 1296 haereditatem
723 1268 759 1295 non

27 1312 147 1362 consequitur3
162 1312 176 1351 si
190 1313 227 1362 quis
241 1313 314 1353 ambulat
327 1314 406 1353 inaliena
415 1314 497 1362 doctrina,
511 1316 526 1353 is
535 1325 570 1352 non
579 1314 671 1353 assentitur
678 1314 759 1366 passioni.

77 1412 122 1451 *tn
148 1415 236 1454 hbstinete
250 1416 270 1454 ab
284 1417 339 1455 noxiis
353 1416 419 1463 herbis,
435 1427 476 1465 quas
490 1427 524 1454 non
538 1416 600 1455 excolit
613 1415 661 1455 lesus
675 1415 759 1463 Christus,

27 1472 66 1520 quin
79 1482 113 1508 non
127 1477 167 1509 sunt
179 1472 259 1521 plantatio
268 1473 328 1510 Patris.
354 1472 392 1510 Non
405 1472 452 1523 quod
466 1472 555 1511 dissidium
569 1473 615 1523 apud
621 1484 651 1510 vos
661 1473 759 1518 invenerim,

27 1529 58 1565 sed
75 1528 148 1566 animum
166 1540 228 1578 purum
247 1533 263 1566 ct
282 1529 392 1567 defaecatum.
423 1529 511 1577 Quotquot
528 1529 573 1566 enim
586 1529 616 1566 Eei
634 1533 674 1566 sunt
691 1533 708 1566 et
721 1528 760 1566 Iesu

27 1583 97 1629 Christi,
115 1583 133 1621 hi
148 1595 186 1622 cum
199 1584 284 1634 Episcopo
299 1589 347 1631 sunt,
361 1591 379 1622 et
392 1588 476 1634 quotquot
489 1584 593 1634 poenitentia
613 1584 659 1622 ducti
677 1583 761 1622 redierint

27 1640 48 1677 ad
60 1640 142 1677 unitatem
155 1640 253 1687 Ecclesiae,
267 1641 285 1678 hi
297 1642 328 1679 Dei
345 1647 404 1687 erunt,
422 1646 441 1679 ut
457 1640 512 1678 vivant
530 1641 624 1679 seeundum
643 1641 699 1679 Iesum
713 1640 760 1678 Chri·

27 1702 76 1734 stum.
103 1696 127 1734 Ne
141 1697 208 1743 erretis,
223 1697 284 1735 iratres
299 1699 338 1736 mei,
364 1697 434 1745 Siquis
449 1697 516 1734 dissidii
529 1702 617 1735 auctorem
630 1702 716 1742 sectatur,
732 1708 758 1734 re·

26 1763 77 1802 guum
87 1751 117 1790 Eei
129 1763 165 1791 non
177 1752 266 1792 hereditat.
283 1753 301 1792 Si
315 1754 352 1804 quis
364 1753 381 1792 in
395 1753 436 1792 falsa
449 1753 529 1802 opinione
543 1752 622 1800 ambulat,
639 1753 667 1792 hic
682 1752 760 1804 passioni

28 1809 128 1860 refragatur.

242 1910 267 1949 IV.
291 1910 371 1971 ¹Utcrudni
383 1923 419 1949 nno
433 1910 551 1950 Euotravtsu‘o.

80 1990 165 2030 Studeatis
182 1991 234 2040 igitur
251 2002 285 2029 una
302 1989 411 2029 Eucharistia
429 1989 463 2036 uti;
481 2002 515 2028 uua
534 1991 579 2028 enirn
597 1995 624 2028 est
640 2001 680 2028 caro
693 1990 760 2028 Eomini

28 2050 83 2087 nostri
95 2048 135 2087 Iesu
148 2048 215 2095 Christi,
229 2053 246 2085 et
258 2058 302 2084 unus
316 2046 359 2085 eaiir
371 2046 389 2083 in
402 2046 483 2084 unitatem
498 2046 584 2096 sanguinis
599 2046 658 2096 ipsius,
672 2057 725 2084 unum
738 2046 759 2084 u-

30 2110 71 2151 tare,
86 2105 131 2142 sicut
144 2116 188 2142 unus
202 2105 299 2154 episcopus,
315 2114 353 2141 oum
361 2102 468 2152 presbyterio
482 2109 500 2141 et
513 2103 596 2150 diaconis,
611 2103 699 2141 conservis
709 2103 761 2150 meis3

29 2165 53 2207 ut,
67 2161 114 2210 quod
127 2160 199 2206 iacietis,
214 2159 307 2198 secundum
320 2159 373 2198 heum
386 2157 458 2196 faciatis.

81 2256 127 2302 *rh
155 2262 239 2308 Quocirca
261 2271 330 2310 operam
353 2258 400 2305 date,
422 2264 442 2298 ut
459 2260 611 2298 unaEucharistia
627 2261 707 2299 utamini:
728 2269 771 2300 una·

30 2319 75 2356 enim
92 2323 119 2356 est
138 2329 177 2356 caro
192 2318 258 2355 bomini
274 2317 330 2354 nostri
343 2316 382 2353 iesu
396 2314 469 2362 Christi,
487 2321 503 2354 et
520 2328 565 2354 unus
583 2316 626 2355 calis
645 2317 663 2353 in
680 2316 762 2355 unionem

30 2373 117 2424 sanguiris
132 2374 178 2420 eius,
191 2385 244 2411 arrum
256 2372 316 2419 altare,
331 2372 377 2410 sicut
395 2384 439 2409 unus
452 2372 548 2423 Episcopus
567 2384 605 2411 cum
618 2372 727 2423 Presbyterio
746 2377 763 2411 et

30 2430 108 2469 diaconis
122 2430 209 2469 conservis
221 2430 273 2468 meis:
290 2434 315 2477 ut,
329 2427 411 2479 quicquid
424 2428 485 2478 tacius,
500 2429 594 2468 secundum
607 2428 660 2467 Deum
673 2429 744 2468 faciatis.

65 2541 82 2583 7)
94 2541 106 2573 1.
117 2551 130 2574 e.
144 2550 174 2573 non
190 2539 265 2572 consentit
276 2538 311 2572 huic
322 2538 386 2580 veritati,
439 2538 456 2583 2}
467 2540 478 2573 I.
490 2550 503 2573 e.
514 2539 630 2582 coerzobonu'ui,
640 2543 657 2572 nt
668 2550 676 2571 e
686 2537 762 2580 sequeuti-

32 2586 107 2621 Christum
112 2586 184 2629 sanguine
190 2595 217 2619 suo
223 2585 295 2619 fundasse
302 2584 386 2628 ecclesiam,
407 2586 435 2621 bus
448 2585 497 2621 verbis
506 2584 550 2633 σὰρξ
555 2586 586 2621 τοῦ
592 2585 652 2630 κυρίου
658 2590 672 2618 et
678 2579 763 2632 ποτήριον

32 2643 76 2676 quam
87 2633 167 2667 schismate
180 2637 246 2665 evertere
254 2636 321 2665 conatur.
335 2632 386 2665 Surith.
408 2634 461 2666 elucet.
483 2632 531 2665 Etiam
542 2643 550 2664 a
562 2633 578 2664 S.
588 2630 645 2663 Iustino
656 2629 721 2673 (hpohi,
729 2630 763 2674 od.)

409 2689 456 2712 coena
463 2677 523 2712 Domini
531 2675 632 2722 εὐχαριστία
642 2679 709 2709 vocatur.
732 2674 751 2709 Ci
759 2701 763 2710 .

64 2725 100 2767 Cap.
114 2725 136 2758 IV.
160 2723 175 2768 1)
186 2724 207 2756 lta
223 2723 259 2764 CL,
274 2720 387 2763 Σπουδάζετε
409 2724 479 2757 adhunc
492 2720 732 2764 locumRoihe5hni.p.4'id,
749 2726 764 2755 et

33 2780 45 2804 c.
60 2770 114 2805 vossio
130 2770 171 2805 editt.
188 2774 221 2802 ante
236 2769 264 2802 Iac.
286 2768 302 2802 In
317 2768 332 2803 C.
348 2779 387 2804 man.
408 2770 458 2804 loE.
470 2768 538 2809 Pieiffer,
554 2765 764 2809 deignatio,Conrmuuioni

32 2826 63 2850 sec.
75 2827 110 2850 orae
116 2815 205 2860 adscripsit:
218 2812 324 2861 εὐχαριστία.
339 2816 387 2849 Fran·
408 2815 475 2859 privatae
491 2814 559 2847 adverso,
580 2811 700 2854 Erlaug.1764.
715 2813 730 2847 t.
746 2813 764 2846 Η.

32 2862 64 2896 zius
87 2862 148 2906 quidem
172 2861 252 2896 lectionem
274 2858 387 2897 annotarunt
410 2860 486 2895 Granian'r:
508 2860 564 2892 Ponete
582 2868 618 2892 cura
632 2858 693 2903 dunque
712 2858 727 2892 di
742 2859 765 2891 far

32 2908 76 2943 nihili
86 2909 153 2952 putabat.
408 2918 436 2943 uso
449 2905 493 2941 d’una
503 2902 585 2940 medcsimai
597 2905 686 2941 Eucaristia.

75 2967 134 3000 Parrus
145 2975 199 3001 rrosr.
616 2963 635 2997 12
