1793 3076
123 83 201 123 lGllA'lll
214 84 316 124 EPISTULA
330 87 356 126 All
370 87 503 127 rultcmuos.
521 86 548 125 Ill.
564 86 590 125 tv.
605 86 623 125 V.
637 84 662 124 vt.
722 81 758 123 157

27 204 57 246 est,
71 199 183 237 mansuetudo
197 211 236 238 uero
250 199 286 239 eius
300 200 386 251 potentior,
398 210 454 249 quern,
466 205 485 237 ut
499 201 581 247 existimo,
595 205 612 239 et
624 199 672 251 impii
685 198 718 250 ipsi
732 192 758 236 re·

26 260 115 301 verentur,
130 255 191 304 quibus
205 257 254 295 etiarn
268 257 324 307 placet
340 258 386 306 quod
406 267 438 305 ego
451 255 492 293 mihi
506 268 540 294 non
554 268 627 307 percum.
652 257 704 302 llum,
719 267 758 293 curn

26 315 57 351 luc
71 312 92 349 de
105 323 124 349 re
138 313 214 351 scrihere
228 313 269 350 milri
282 313 360 357 licuerit,
379 313 396 350 in
410 316 473 349 tuntum
492 313 525 350 mei
539 313 678 351 existimationem
693 312 757 360 deveni,

26 374 49 416 ut,
63 368 137 418 quirinus
152 369 281 415 condemnatus,
295 368 341 406 uelut
353 368 445 419 Apostolus
460 367 507 404 vohis
522 368 651 418 praeciperemt

27 459 77 499 nrrinri
91 460 182 508 vultusque
196 459 289 508 aequalitas
303 470 382 510 mugitum
396 459 525 506 documentum3
540 459 588 496 cuius
602 459 758 496 mansuetudovir·

26 522 78 555 tutem
95 516 180 566 praetem,
199 522 218 554 ut
235 517 282 566 ipsos
301 527 369 566 quoque
382 516 443 566 impios
457 528 496 554 eum
509 516 585 553 reuereri
598 514 697 553 existimem.
723 516 759 553 lion

27 573 106 609 contineo
120 583 157 617 me,
173 574 212 621 quin
226 572 277 620 diligo
291 584 330 616 vos,
345 574 420 619 <pontus
435 574 490 610 uerius
506 573 538 609 lino
550 573 571 609 de
589 583 608 609 re
626 571 703 609 scribere
721 582 760 620 pos-

26 639 71 667 sem:
88 628 127 666 ideo
141 628 212 675 scilicet,
227 628 312 678 quinium
326 627 404 666 addictus
419 626 597 679 tuncpumdpostolus
611 625 760 677 vohisproecipio.

148 728 174 766 lV.
202 729 304 768 Hmndlitcte
318 735 333 767 et
346 732 479 769 rnurrouetudioc
492 730 535 768 milri
549 740 592 778 opem
606 734 635 766 est.

79 809 129 848 llultu
143 810 190 859 sopio
205 809 221 847 in
236 810 279 856 lleo;
298 809 329 847 sed
345 809 387 848 ruilri
401 809 434 860 ipsi
446 810 516 847 modum
531 808 613 854 adhibeo,
632 820 654 847 ne
671 808 760 859 gloriando

12 877 101 918 peream,
122 865 170 903 Nunc
184 866 228 903 enim
242 865 281 915 plus
294 866 335 903 milti
350 866 442 904 timerrduru
456 872 487 912 est,
501 877 534 903 nec
547 877 597 903 dures
612 866 645 903 illis
659 871 699 903 sunt
711 876 760 915 prue-

26 923 97 969 hendue,
112 923 142 971 qui
155 934 181 960 ine
195 921 260 960 indunt.
278 922 309 968 Qui
323 923 367 960 enirn
379 933 406 960 rue
415 923 487 968 tundant,
502 921 588 971 Angelum
601 933 632 959 me.
658 921 699 958 Nom
709 921 760 970 diligo

27 980 95 1028 quidem
115 981 159 1027 puti3
178 980 208 1016 sed
221 980 279 1016 nescio
299 992 319 1016 en
334 980 395 1027 dignus
409 980 446 1017 siin.
472 979 582 1017 Velrcmentia
595 980 640 1016 enirn
653 990 692 1016 mea
704 978 761 1016 nurltis

27 1035 95 1085 [pridem
109 1046 143 1071 non
158 1039 232 1084 apparet,
246 1047 273 1073 rue
286 1047 327 1073 uero
341 1035 397 1072 acrius
411 1035 503 1083 impugnet.
529 1035 575 1084 Opus
590 1034 646 1084 itaque
659 1034 701 1073 milri
714 1045 760 1072 mun·

27 1091 121 1138 suetudine,
136 1102 169 1141 quc
181 1091 262 1141 princeps
277 1090 329 1130 seculi
344 1091 394 1129 lulius
409 1091 507 1130 destruitur.

79 1177 120 1219 *ru
147 1182 206 1232 lingna
221 1182 276 1219 sentio
290 1182 307 1220 iu
321 1182 365 1228 Deo3
386 1184 416 1220 sed
429 1195 456 1219 me
475 1183 531 1232 ipsum
543 1182 615 1228 metior,
636 1193 657 1220 ne
671 1180 759 1230 gloriando

28 1250 102 1288 pereum.
128 1239 175 1276 llum
190 1239 235 1277 euim
248 1239 302 1288 inagis
316 1239 357 1277 mild
371 1239 464 1278 timendum
478 1244 509 1285 est,
523 1250 555 1277 nec
568 1239 640 1284 attendi,
654 1238 681 1288 qui
695 1250 722 1277 me
736 1238 760 1277 in·

29 1295 75 1333 llud.
102 1295 196 1333 Laudantes
221 1295 266 1333 enim
286 1307 313 1334 mo
332 1294 422 1344 tegetum.
450 1295 491 1333 llum
514 1295 563 1343 cupio
585 1295 652 1344 quidem
666 1295 710 1344 puti;
730 1296 761 1333 sed

28 1352 87 1390 nescio
99 1357 155 1390 utrum
170 1352 230 1402 dignus
244 1352 281 1390 sim.
307 1353 347 1390 llum
362 1352 450 1391 aemulatio
465 1347 543 1398 (inimici)
563 1351 619 1391 nurltis
639 1351 706 1401 quidem
726 1363 761 1390 non

28 1414 106 1459 apparet,
125 1409 157 1448 sed
174 1420 201 1447 me
219 1409 334 1447 vehementius
354 1413 446 1460 oppugnet.
472 1408 556 1455 Quocirca
574 1408 704 1447 mausuetudine
721 1408 762 1447 mihi

29 1477 71 1516 opus
86 1471 122 1513 est,
136 1477 169 1517 qud
183 1467 265 1505 eventium
278 1465 359 1517 princeps
373 1466 423 1506 liuius
437 1466 495 1504 seculi.

180 1567 198 1604 V.
225 1568 264 1607 Non
277 1568 358 1606 sublimes
371 1568 459 1606 doctrinas
471 1567 520 1605 ontis
533 1568 608 1605 trudam.

79 1646 138 1684 Nonne
151 1658 221 1696 possem
234 1646 314 1685 coelestio
329 1646 416 1685 scriberet
444 1648 473 1692 At,
493 1658 515 1684 ne
528 1646 601 1696 paruulis
619 1645 666 1684 uobis
681 1646 760 1685 domnum

28 1702 104 1750 inlocum,
115 1708 177 1741 metuo.
191 1704 215 1741 Ac
229 1703 271 1742 milri
284 1703 376 1753 ignoscite3
395 1715 426 1750 ne,
440 1704 473 1741 istu
486 1714 547 1754 cupere
560 1714 595 1740 non
609 1702 692 1751 volentes,
707 1709 760 1741 suun·
812 1745 814 1752 y

28 1760 113 1810 gulemini.
132 1760 172 1799 Num
187 1766 255 1811 elego,
269 1761 349 1800 norrideo
364 1760 410 1812 quod
423 1760 538 1808 vinetussum,
554 1764 571 1798 et
578 1759 658 1798 coelestia
665 1759 760 1811 intelligere

31 1829 112 1865 possum,
127 1823 144 1855 et
156 1817 204 1862 locos
219 1818 327 1867 urrgelorum,
342 1823 358 1855 et
377 1823 437 1855 coctus
450 1817 615 1866 constitutionesque
628 1818 760 1866 principatuum,

29 1873 99 1912 risiltilid
116 1879 133 1912 et
150 1873 244 1912 inusihiliu.
270 1874 356 1925 despectu
373 1874 433 1913 lterum
451 1885 508 1912 rerum
526 1873 582 1911 adhuc
602 1872 695 1924 discipulus
713 1885 759 1921 sum;

27 1930 79 1968 multe
94 1931 137 1969 enim
150 1930 200 1969 nolus
215 1931 281 1978 desunt,
295 1942 317 1969 no
330 1943 339 1969 n
352 1931 386 1969 lleo
401 1931 480 1969 obsimus.

80 2015 112 2058 *u
125 2020 184 2059 Nonne
198 2032 267 2071 possem
282 2021 302 2059 de
317 2020 368 2058 rebus
383 2020 486 2059 coelestibus
500 2019 590 2058 scriberet
611 2018 646 2057 Sed
660 2030 725 2065 vereor,
739 2031 761 2058 ue

29 2077 76 2115 rolris
95 2078 149 2116 ndlruc
170 2077 243 2127 porculis
262 2077 326 2122 obsim,
341 2083 358 2116 et
370 2077 454 2127 ignoscite
467 2077 518 2124 milri,
538 2088 569 2123 ne,
589 2087 627 2114 cum
640 2087 702 2126 cepere
716 2076 761 2114 linud

29 2133 108 2182 possitis,
123 2133 257 2183 strangulernini.
282 2134 348 2170 Etenim
362 2145 399 2183 ego,
413 2145 448 2170 non
462 2135 501 2182 qrriu
514 2134 581 2170 vinctus
595 2144 637 2177 suin,
652 2138 669 2170 et
682 2144 710 2170 res
724 2143 762 2171 cce·

29 2190 90 2235 lestes¹
105 2190 195 2241 seriesque
209 2189 311 2241 Angelorum
325 2196 342 2228 et
359 2190 428 2229 ordines
442 2188 573 2242 principatuum,
587 2188 660 2227 risibilin
678 2189 728 2227 etiarn
746 2193 763 2227 et

30 2247 119 2285 invisibilia
137 2248 230 2296 intelligere
249 2258 329 2296 possum,
347 2247 386 2285 ideo
407 2248 440 2285 ium
453 2248 548 2296 discipulus
563 2258 631 2296 quicque
646 2258 693 2284 sirint:
710 2245 763 2284 nrrrlta

30 2304 74 2340 enim
89 2304 150 2341 desunt
164 2303 222 2347 nohis,
236 2315 257 2340 nc
271 2316 281 2340 n
295 2304 328 2341 lleo
343 2304 459 2342 destituuntur.

205 2398 230 2436 Vl.
257 2397 341 2437 fluertem
354 2412 366 2436 c
379 2411 444 2437 centeno
457 2399 588 2438 lmereticoruru.

54 2466 56 2469 ’
81 2466 156 2503 Obsecro
170 2467 226 2514 itaque
239 2476 278 2511 ros,
293 2477 327 2503 uon
341 2477 383 2515 ego,
398 2467 428 2504 scd
442 2467 515 2505 clmrites
529 2466 567 2505 lesu
581 2466 653 2512 Christi,
668 2466 705 2504 solo
719 2465 762 2503 cliri-

30 2522 83 2560 stiauo
98 2522 176 2560 alimento
190 2522 220 2568 uti,
235 2521 255 2559 ul]
269 2521 323 2559 alienu
336 2526 392 2560 nutem
407 2523 461 2562 herbo
474 2522 566 2570 abstinere,
581 2533 624 2572 quiue
638 2526 664 2560 est
680 2521 761 2559 haeresis.

81 2607 120 2650 *u
137 2612 220 2657 Quocirca
233 2610 306 2650 obscero
317 2603 356 2658 ros,
370 2625 405 2652 nou
420 2613 488 2662 quidem
502 2625 540 2663 ego,
554 2614 585 2651 sed
598 2612 659 2650 ceritas
668 2611 706 2648 lesu
715 2610 762 2647 Cleri·

30 2668 60 2715 sd,
73 2674 93 2707 ut
106 2667 144 2707 solo
160 2668 256 2706 Christiano
269 2668 374 2706 nutrimento
388 2670 467 2716 utemini,
482 2669 581 2708 abstinentis
601 2673 656 2706 auctoru
673 2665 694 2703 ab
709 2665 763 2703 heroa

29 2789 66 2813 scum
86 2790 142 2813 urreorn
161 2778 248 2821 discepolo:
272 2778 383 2819 impercioccht
406 2780 463 2821 diuino,
477 2789 505 2822 per
522 2784 567 2821 poter
581 2778 621 2818 dire,
641 2776 668 2808 clm
685 2785 763 2808 essenon

30 2825 75 2860 molle
89 2836 125 2860 cose
140 2826 153 2859 ci
170 2834 251 2865 morienne,
268 2824 339 2859 nccioohd
355 2825 384 2859 Dio
407 2826 420 2859 ci
431 2823 515 2868 morienne).

30 2881 59 2904 uon
73 2870 219 2914 oimunclriffiiot,
234 2870 281 2903 siumo
294 2872 385 2905 encomin-
439 2872 508 2914 Ceplll.
534 2868 763 2913 ttet1·.ntl²ttleu.e.3.;

30 2916 77 2952 ‹lictro
89 2918 128 2953 essai
144 2918 183 2951 nelle
200 2915 287 2959 cognitione
299 2916 339 2951 delle
350 2929 386 2953 cose
408 2918 427 2953 orl
438 2918 493 2962 Ephes.
506 2927 518 2950 c.
531 2917 554 2950 ld.
