1793 3076
133 58 211 97 lder'lll
222 59 323 99 EPISTULA
337 60 363 98 lu
378 59 502 99 athenasios.
522 58 540 99 V.
555 58 580 99 vt
594 59 627 101 Vll.
714 57 749 99 145

16 172 61 211 enim
74 176 114 210 suut
127 173 227 211 numismata
241 173 284 221 claro,
298 174 369 213 alteram
383 173 452 223 quidem
466 173 504 219 Dei,
523 173 595 212 alterum
611 180 667 214 autem
685 175 750 222 mundi,

16 235 33 268 et
45 229 178 280 unumquodque
191 230 280 280 proprium
301 230 418 269 characterem
436 229 487 267 hahet
505 228 612 279 impositum3
630 232 653 270 ita
671 232 749 271 infideles

16 286 74 325 mundi
87 286 146 333 lanius,
164 286 224 325 fideles
239 292 294 325 antem
308 287 325 324 in
340 285 422 324 charitate
441 286 557 324 characterem
570 287 600 325 llei
612 288 667 327 Patris
680 302 712 339 per
726 291 750 329 le·

17 354 53 381 sum
68 342 153 382 Christum
167 343 239 389 hahent,
258 354 290 392 per
304 354 354 392 quern
367 342 401 380 nisi
414 352 501 392 propensa
513 341 563 380 nolvis
576 348 603 381 est
615 344 692 383 voluntas
706 347 750 385 mori

17 401 62 438 irrata
74 400 128 450 ipsius
142 400 245 449 passionem,
258 410 290 436 nee
303 399 337 436 vita
350 399 404 449 ipsius
418 399 435 436 in
449 398 499 436 nohis
513 403 545 436 est.

18 499 60 538 Sunt
74 501 118 538 enim
131 500 177 538 velut
194 500 228 538 ‹lrro
246 501 315 546 rrvrmmi,
335 500 377 538 alter
391 500 429 547 Dei,
449 500 491 538 alter
502 498 571 546 mardi,
590 512 663 550 quorum
678 507 752 553 uterque

16 558 104 608 propriam
116 562 173 596 notam
187 556 287 608 impressam
301 557 360 596 hahet:
378 556 520 596 infideles'huius
537 557 604 604 menradi,
622 557 682 598 tidcles
696 565 751 598 autern

17 615 34 652 in
49 614 130 651 charitate
144 613 215 663 figuram
226 614 255 652 Dei
264 614 319 652 Patris
327 626 359 665 per
368 613 424 652 lesum
434 613 525 659 Christum,
538 625 570 662 per
584 626 635 663 quent
648 616 682 654 nisi
690 622 751 667 sponte

17 670 62 708 mori
74 670 145 708 velimus
159 671 176 707 iu
190 671 288 720 passionem
302 671 345 717 eius,
357 671 391 707 vita
405 671 441 707 cius
455 681 490 707 non
504 670 561 706 estin
575 671 631 708 nobis.

266 795 293 834 vt.
315 796 375 834 Tercetc
388 797 504 835 ceracordiera.

71 886 182 935 domitaque
200 886 217 923 in
231 886 311 935 personis
328 897 380 935 snpra
399 886 448 923 dictis
461 896 528 923 omnem
545 885 669 923 multitudinem
687 887 704 924 in
718 886 753 925 fide

18 947 35 981 et
49 942 130 980 charitate
144 943 283 991 conspexissem,
297 942 359 980 hortor
374 942 424 980 utin
438 942 530 979 concordia
547 942 603 979 omnia
622 953 704 992 peragere
718 948 752 981 stu·

18 999 77 1044 deatis,
92 999 173 1048 episcopo
187 999 295 1048 praesidente
309 998 348 1036 loco
357 998 391 1045 llei,
406 1003 423 1036 et
435 997 541 1048 preshyteris
555 997 594 1036 loco
604 1003 672 1036 senatus
685 1005 752 1049 aposte-

18 1056 57 1101 lici,
74 1060 91 1093 et
105 1054 190 1101 diaconis,
204 1055 245 1093 mihi
259 1055 373 1100 suavissimis,
393 1054 510 1093 concreditum
523 1054 625 1092 habentibus
639 1055 752 1094 ministerium

19 1112 58 1149 lesu
68 1110 135 1156 Claristi,
150 1111 179 1160 qui
193 1116 221 1149 ant
228 1111 296 1149 esecula
305 1111 350 1161 apud
359 1116 424 1161 patrem
431 1115 472 1156 erat,
487 1115 503 1148 et
513 1110 530 1148 iu
539 1109 572 1148 fine
587 1111 669 1161 apparuit.
690 1112 756 1157 Omnes

19 1168 75 1219 igitur,
89 1167 163 1219 acceptis
177 1167 237 1206 iisdem
251 1167 311 1207 divinis
324 1166 407 1215 moribus,
421 1179 451 1206 vos
464 1172 523 1205 mutuo
540 1167 655 1215 revereamini,
669 1172 687 1206 ct
699 1174 749 1207 rremo

20 1225 114 1263 seeundum
127 1235 195 1262 cantem
210 1230 276 1274 spectet
288 1225 393 1274 proximum,
413 1225 445 1262 sed
462 1224 479 1261 in
493 1224 532 1261 lesu
546 1224 613 1261 Christo
630 1235 661 1261 vos
679 1225 752 1263 invicem

20 1294 88 1332 semper
102 1281 180 1331 diligatis.
206 1281 250 1319 Nihil
264 1281 286 1319 sit
300 1282 317 1319 in
330 1281 389 1328 volvis,
399 1281 444 1330 quod
458 1281 552 1330 possitvos
562 1280 649 1327 dirimere,
663 1281 694 1319 sed
706 1282 753 1319 unia·

19 1339 60 1377 mini
74 1338 156 1389 episcopo
171 1342 188 1377 et
200 1337 348 1388 praesidentibus,
366 1338 382 1375 in
396 1342 454 1388 typum
473 1341 490 1375 et
507 1336 669 1375 demonstrationem
686 1337 754 1376 immor·

20 1395 93 1433 talitatis.
766 1401 767 1404 ’

72 1493 117 1535 *Vl
144 1495 283 1546 Quandoquidem
296 1496 353 1545 itaque
368 1496 385 1533 in
398 1494 477 1545 personis
495 1496 683 1545 supracommemoratis
701 1501 754 1535 tetam

20 1554 146 1597 multitudinem
159 1554 193 1591 vidi
210 1554 228 1590 in
242 1553 276 1591 tide
295 1558 311 1591 et
329 1552 387 1598 dileni3
406 1552 466 1589 hortor
484 1556 504 1589 ut
514 1553 531 1591 in
545 1552 638 1590 concordia
650 1553 681 1591 Ilei
699 1555 755 1591 omnia

21 1621 72 1660 agere
87 1610 178 1655 studeatis,
193 1609 278 1658 Episcopo
292 1609 401 1658 praesidente
415 1607 453 1644 loco
468 1607 502 1653 Ilei,
517 1612 534 1645 et
546 1607 653 1657 Presbytens
667 1608 705 1646 loco
720 1609 754 1646 eol·

21 1666 61 1717 legii
74 1664 177 1717 Apostolici,
195 1670 212 1703 et
224 1664 302 1702 Diaconis
319 1664 362 1702 mihi
378 1663 493 1709 suavissimis,
512 1663 574 1714 quihus
593 1664 711 1703 concreditum
729 1670 755 1703 est

21 1723 135 1762 ministerium
148 1722 188 1760 Iesu
201 1721 277 1768 illinisti,
287 1723 316 1770 qui
330 1726 368 1759 autc
382 1721 440 1759 secula
453 1725 489 1758 erat
507 1721 552 1770 apud
565 1721 640 1767 Patrem,
654 1728 671 1760 et
684 1722 702 1759 in
720 1721 755 1760 line

23 1779 105 1830 apparuit.
132 1778 194 1815 Orines
209 1789 251 1826 ergo
265 1777 375 1815 eorreordiam
389 1777 419 1814 llei
432 1776 535 1825 accipientes
550 1776 651 1814 reveremini
667 1789 697 1814 vos
714 1778 755 1815 invi·

23 1847 69 1881 ceni,
88 1840 105 1874 et
121 1846 171 1873 trente
191 1835 284 1872 sectandum
300 1845 369 1873 earnem
383 1837 449 1883 spectet
462 1833 567 1881 proximum,
581 1833 611 1870 sed
625 1833 641 1869 in
656 1833 695 1871 Iesu
709 1833 754 1871 Chri-

23 1897 49 1930 sto
63 1903 93 1930 vos
107 1891 179 1929 invicem
192 1902 260 1940 semper
274 1890 344 1939 diligite.
370 1889 416 1927 Nihil
429 1888 451 1925 sit
464 1888 481 1925 in
495 1888 551 1934 vohis,
570 1888 616 1938 qnod
632 1900 663 1926 vos
681 1889 756 1926 dividere

23 1948 87 1998 possit:
105 1948 136 1986 sed
155 1947 230 1985 unarnini
243 1946 327 1996 Episcopo
345 1950 362 1984 et
377 1946 410 1993 iis,
425 1945 454 1995 qui
468 1944 489 1982 aa
501 1944 572 1983 lerneam
587 1950 604 1982 et
622 1944 717 1983 doctrinam
730 1945 755 1981 in·

24 2004 171 2054 corruptibilitatis
185 2002 233 2041 vohis
247 2003 350 2053 praesident.

25 2130 58 2167 llll.
85 2128 134 2179 alpitc
147 2130 242 2167 militisine
255 2130 332 2178 episcopo
346 2133 362 2166 et
376 2128 490 2177 preshyteris5
506 2126 544 2164 sitis
556 2136 610 2163 certent
627 2126 708 2175 templana
721 2127 759 2165 Dei.

78 2219 222 2265 Quemadmodum
236 2218 287 2268 igitur
300 2218 381 2256 Dominus
395 2218 431 2255 sine
444 2217 502 2262 Patre,
521 2216 554 2265 ipsi
566 2216 634 2261 unitus,
654 2216 696 2253 nihil
713 2217 758 2263 lecit,

26 2273 127 2326 nequeper
143 2287 161 2313 se
175 2276 236 2326 ipsum,
249 2286 305 2325 neque
319 2287 350 2325 per
362 2274 460 2325 apostolos;
477 2273 500 2310 ita
513 2283 569 2322 neque
583 2283 612 2309 vos
627 2272 663 2309 sine
678 2272 759 2323 episeopo

26 2338 45 2370 et
57 2333 163 2383 preshyteris
178 2332 269 2382 quidquam
283 2332 373 2382 peragatis.
399 2331 458 2380 Neque
473 2328 599 2380 aggrediamini,
613 2333 632 2366 nt
645 2329 737 2378 quidquam
751 2341 761 2367 a

27 2389 75 2427 volns
93 2389 184 2438 separatim
198 2388 261 2426 tactam
281 2388 343 2426 [locens
358 2393 442 2437 appareat.
470 2385 504 2424 Sed
523 2385 540 2422 in
554 2396 607 2422 nnana
621 2385 760 2423 convenientibus

27 2458 61 2483 nna
74 2446 95 2483 sit
110 2446 169 2492 oratio,
183 2457 217 2483 ama
231 2444 311 2494 precatio,
326 2456 360 2482 una
373 2455 427 2490 mens,
440 2455 474 2480 arira
488 2453 534 2492 spes,
547 2442 564 2479 in
571 2441 658 2487 charitate,
672 2441 760 2491 inpendio

28 2507 92 2540 sarecto.
119 2501 165 2540 Unius
186 2507 213 2540 cst
229 2500 276 2540 lesus
291 2500 378 2546 Christus,
398 2511 432 2549 (quo
451 2499 495 2536 nihil
510 2498 624 2557 pqaestautius
642 2502 673 2535 est.
699 2498 760 2535 Omnes

80 2601 134 2642 *tlt
161 2604 306 2651 erernadmodurn
324 2614 366 2652 ergo
380 2601 460 2640 horninus
480 2601 516 2639 sine
529 2600 579 2637 Patre
597 2599 638 2637 nihil
655 2609 710 2647 neque
729 2609 762 2649 per
825 2649 827 2652 Α

29 2673 57 2708 se,
75 2672 131 2711 neque
148 2672 180 2711 per
193 2661 284 2710 Apostolos
302 2659 384 2704 laeielrat,
399 2659 438 2707 quia
451 2658 484 2708 ipsi
502 2657 559 2694 unitus
577 2660 621 2701 erat,
639 2656 662 2692 ita
680 2666 713 2692 nee
730 2667 761 2693 vos

30 2719 66 2755 sine
82 2718 167 2766 Episcopo
186 2722 204 2754 et
216 2716 323 2764 Presbyteris
343 2715 425 2764 quicquid
443 2715 498 2762 agite,
519 2724 552 2749 nec
569 2716 631 2748 tentate
648 2716 668 2748 ut
684 2711 762 2760 privatim

30 2773 70 2823 (perid
83 2780 149 2811 rectum
163 2772 210 2811 vobis
224 2771 310 2818 videatur3
333 2771 364 2809 sed
378 2771 395 2808 in
409 2782 498 2808 commune
513 2766 626 2814 ancoralia,
645 2779 679 2805 una
699 2766 763 2817 suppli·

31 2830 80 2876 catio,
94 2841 128 2867 urna
140 2841 195 2875 rueris,
208 2840 241 2866 uua
255 2839 294 2877 spes
308 2829 325 2865 in
339 2828 426 2874 charitate,
440 2828 458 2864 in
471 2824 532 2875 gaudio
545 2822 643 2873 inculpato;
661 2824 706 2862 sicut
718 2834 763 2861 unns

32 2892 58 2925 est
71 2887 119 2924 lesus
134 2886 221 2933 Christus,
235 2896 268 2935 quo
282 2884 325 2923 nihil
338 2884 451 2934 praestantius
465 2886 496 2920 est.
523 2880 585 2918 Ontncs
603 2880 654 2930 igitvr
673 2880 694 2919 ad
711 2880 764 2917 instar

74 2951 132 2984 Parnes
144 2959 196 2984 arosr.
615 2945 634 2977 to
