1793 3076
119 49 199 88 lGllh'lll
213 48 314 88 hPlS'llth
326 51 352 90 nn
366 51 569 91 rutnitnntrflnnstt
589 53 629 92 Vlll.
642 53 668 91 lll.
682 52 701 92 X⁴
743 49 779 91 t83

45 177 86 204 crux
100 164 136 202 eius
153 168 169 201 et
183 176 229 202 mors
243 169 260 202 et
273 166 378 204 resurrectio
394 166 431 203 eius
446 169 463 203 ct
473 165 520 213 tides,
534 178 578 217 quae
591 179 624 218 per
634 167 700 218 ipsam:
715 166 777 217 quihus

46 221 133 259 iustificari
147 221 185 259 volo
199 233 231 271 per
244 233 305 271 preces
319 226 391 260 vestras.

44 345 112 386 archiva
127 351 166 385 sunt
180 358 220 385 orus
234 346 270 384 eius
284 350 301 383 ot
314 355 367 389 marc,
382 350 398 383 et
407 346 510 384 resurrectio
525 345 575 393 illius,
589 347 657 386 ethrlcs
670 360 701 398 per
711 349 776 399 ipsum:

44 405 60 441 in
74 401 136 452 anihus
150 403 200 452 cupio
214 414 246 452 per
260 401 354 440 orationem
367 406 440 440 vestram
454 401 548 439 iustificari.

174 571 200 610 lh.
224 572 293 610 Bcncrn
306 577 330 610 est
345 571 363 613 V.
380 573 404 616 T„
417 573 479 612 coelica
493 572 561 612 Nonne
573 573 647 613 roccus.

94 675 136 714 ssoni
149 673 218 724 quidem
232 679 271 713 sunt
285 675 394 721 sacerdotes,
408 674 523 725 praestantior
537 679 592 713 autem
606 680 633 713 est
646 686 722 715 sisinnus
736 690 776 729 pon-

43 733 88 778 tit'cs,
102 732 130 769 oui
144 731 208 770 credita
223 736 262 769 sum
276 735 334 769 sancta
348 736 455 778 sarrctorum,
475 731 501 769 cui
520 730 553 769 soli
567 736 634 771 secreta
649 731 678 771 tlci
691 739 732 772 sum
744 740 777 772 tra·

43 788 85 837 alita3
100 788 130 839 qni
142 788 180 838 ipse
196 793 222 827 est
234 789 283 827 larana
292 788 352 835 Patris,
366 800 398 838 per
412 799 462 838 quam
476 787 593 837 ingrediuntur
604 786 688 828 hhraham
702 795 719 829 et
730 790 776 830 lsaac

43 852 60 882 ct
71 845 128 891 lacoh,
142 851 159 882 ct
173 846 266 893 prophetae
281 851 298 882 ct
311 845 384 894 apostoli
398 849 415 882 et
429 839 506 883 ecclesia.
534 845 592 883 Omnia
605 845 648 884 haec
662 846 683 884 acl
696 846 777 886 sartionem

42 914 80 939 cum
94 901 134 938 llco.
161 901 243 938 llnimium
257 906 313 938 anatem
327 901 419 951 quidquam
433 900 484 938 hahet
495 900 609 949 Erarrgclium,
623 902 702 940 nimirum
717 904 776 941 aalvcn·

42 963 77 996 tum
95 957 161 995 llomini
179 958 233 995 nostri
253 956 292 996 lesu
309 957 379 1004 Christi,
398 957 495 1006 passionem
513 957 568 1007 ipsius
587 970 606 996 ac
626 960 776 998 resurrectionem.

42 1014 101 1052 llilecti
110 1026 182 1063 riamque
191 1014 286 1064 prophetae
300 1014 442 1051 ararrnntiancrunt
457 1025 504 1060 cum;
522 1014 631 1063 Errangclium
644 1027 684 1054 vero
699 1021 726 1054 est
739 1028 777 1066 per·

43 1070 93 1108 lectio
107 1075 149 1108 ritae
163 1075 248 1108 aeternae.
275 1070 333 1107 Ourania
346 1070 396 1108 simul
405 1069 501 1116 bonosum,
511 1071 562 1108 morlo
576 1071 593 1108 in
608 1071 689 1109 charitate
698 1073 777 1111 credatis.

93 1211 135 1253 *tn
163 1217 205 1254 Boni
218 1219 277 1267 utiquc
292 1224 332 1256 saun
345 1218 454 1264 sacerdotem
473 1217 533 1255 melior
547 1223 603 1256 autem
617 1224 643 1256 est
661 1231 737 1259 struimus
749 1234 775 1259 sa-

42 1274 114 1321 cerdos,
134 1273 161 1311 cui
178 1274 242 1312 credita
260 1279 300 1312 stant
317 1279 375 1313 sancta
393 1278 500 1312 sanctorum:
520 1274 549 1323 qui
567 1275 614 1313 solus
633 1274 666 1314 sihi
685 1278 776 1316 commissu

42 1331 92 1371 hahet
109 1336 176 1371 secreta
188 1331 222 1370 llei.
249 1329 281 1371 llic
298 1337 325 1371 cst
340 1336 390 1382 porta
408 1331 518 1379 arthocrea,
537 1343 568 1383 per
585 1342 635 1383 apuam
655 1332 774 1383 ingrediuntur

41 1388 125 1426 hlnrahanr
141 1393 158 1426 et
171 1388 218 1426 tsaac
237 1393 254 1426 et
267 1388 327 1435 lacoln
346 1390 386 1426 item
400 1389 496 1438 Prophetae
515 1393 532 1426 et
545 1389 630 1438 Apostoli,
644 1395 661 1428 ot
677 1390 775 1429 Ecclesiae:

42 1445 97 1483 uinaria
111 1445 154 1482 hacc
168 1444 189 1481 acl
201 1444 324 1482 asisinateunet
351 1445 433 1483 titurium
448 1449 503 1481 autern
518 1445 559 1494 quial
569 1445 620 1482 hahet
627 1446 741 1495 Errarrgcliunr,
751 1449 775 1485 ni·

41 1502 102 1539 mirmn
116 1502 205 1539 aalrcntum
219 1501 285 1539 Domini
297 1501 352 1539 nostri
365 1502 404 1539 lesu
414 1501 476 1540 Christi
490 1500 622 1551 passionemque
636 1502 672 1540 cius
687 1509 704 1541 et
717 1515 775 1542 resur·

41 1556 139 1594 rectionem.
166 1557 232 1595 lltonim
252 1557 310 1595 alilecti
327 1558 423 1606 Prophetae
437 1557 578 1595 aniruntianerunt
595 1557 616 1595 ale
630 1559 677 1607 ipso:
701 1559 775 1609 arrange-

40 1613 81 1651 lium
96 1624 136 1650 vero
151 1613 233 1662 perfectio
247 1619 274 1651 cst
290 1613 460 1664 incorruptibilitatis.
487 1614 545 1650 Omnia
563 1613 613 1651 simul
631 1614 675 1652 laona
693 1621 742 1662 sunt,
761 1617 776 1653 si

41 1671 58 1707 in
72 1670 141 1707 caritate
156 1671 230 1708 cretius.

138 1840 157 1879 X,
184 1841 332 1889 Gortprctnlcmirn'
345 1839 455 1879 Arattoclcenlo
469 1841 489 1878 ate
503 1840 537 1889 fun
548 1842 678 1889 persecutionis.

94 1949 134 1986 Gum
148 1947 189 1985 mihi
202 1948 296 1986 nuutiatum
309 1949 336 1994 sit,
350 1959 381 1997 per
396 1948 489 1985 orationem
498 1951 570 1985 vestium
581 1947 774 1995 etcommiscrationem,

42 2018 74 2056 qna
88 2004 178 2043 nironcnrini
191 2005 209 2041 in
223 2004 298 2050 Christo,
318 2004 407 2042 ecclesiam
421 2003 543 2040 Antiochenam
562 2004 579 2040 in
593 2003 642 2053 Spria
659 2015 718 2053 pacem
733 2005 774 2043 ohti-

41 2063 110 2107 nuisse3
125 2062 175 2098 dccet
188 2072 223 2105 nos,
238 2065 256 2098 ut
268 2061 298 2097 llci
313 2061 408 2104 ecclesiam,
423 2060 486 2108 eligere
500 2059 596 2106 diaconum,
611 2060 640 2108 qui
655 2060 705 2099 oheat
718 2060 742 2099 ihi
752 2062 775 2098 le-

42 2118 126 2167 gationem
140 2117 174 2163 Dei,
189 2117 217 2166 qm
232 2128 269 2153 oum
283 2116 321 2162 illis,
335 2117 351 2153 in
365 2128 417 2154 urium
432 2114 545 2164 congregatis,
560 2115 610 2154 simul
624 2115 700 2164 gaudeat,
715 2117 775 2166 etglo·

41 2174 97 2212 rihcet
110 2184 177 2211 norrren.
195 2173 261 2210 'Beatus
275 2173 303 2210 ille
317 2173 334 2209 in
343 2172 382 2210 lcsn
392 2172 465 2218 ntulsto,
480 2172 509 2221 qui
518 2171 580 2220 eligniis
594 2171 661 2209 habitus
670 2172 722 2210 lrrcrit
731 2174 775 2211 eius·

42 2231 88 2270 modi
102 2230 205 2276 ininisterim
219 2236 236 2267 ct
248 2241 278 2267 ros
292 2241 361 2280 quoque
375 2228 518 2279 glorificabimini.
546 2228 645 2267 Volentilnrs
659 2234 714 2268 autem
728 2229 775 2268 vohis

42 2288 75 2325 hoo
89 2299 124 2324 non
138 2292 165 2324 est
178 2286 287 2336 impossihile,
301 2298 333 2336 pro
348 2287 417 2324 uorrrine
426 2286 461 2329 llci,
476 2292 495 2323 ut
508 2291 525 2323 et
534 2286 616 2334 squaedam
624 2286 710 2335 proximae
721 2286 775 2324 ecclc·

43 2344 77 2381 siac
91 2344 174 2381 miserunt
188 2344 284 2393 episcopos
298 2342 390 2380 rionnullac
404 2341 516 2392 prcshpteros
531 2346 548 2379 et
563 2342 649 2379 diaconos.
709 2368 711 2371 ι

93 2485 128 2529 *h
155 2489 236 2535 Quoniam
250 2500 289 2527 uero
303 2501 334 2540 per
353 2490 446 2528 orationem
464 2496 537 2528 vestram
556 2494 573 2527 et
590 2500 621 2538 per
639 2489 713 2535 viscera,
732 2501 775 2538 quac

42 2548 109 2586 tutans
122 2547 139 2584 in
153 2545 220 2584 Glnisto
233 2546 280 2593 lesu,
295 2547 391 2585 nuntiatum
405 2552 431 2586 est
444 2547 494 2597 hailai,
508 2545 602 2584 Ecclesiam
615 2545 737 2584 hrrtiochcnam
757 2546 775 2583 in

42 2605 91 2655 Spria
103 2608 180 2654 pacatam
194 2614 241 2650 esso,
256 2603 306 2641 decet
318 2615 358 2650 vos,
372 2611 391 2642 ut
404 2604 434 2642 nei
447 2602 549 2649 Ecclesiam,
568 2602 632 2651 eligere
645 2603 736 2639 Diaconum
753 2602 774 2639 acl

43 2661 139 2700 olacmulam
152 2659 203 2697 isthic
215 2660 244 2698 llei
258 2659 369 2709 legationem,
383 2662 432 2698 utin
446 2672 498 2698 unum
517 2659 602 2697 coniuncti
620 2657 706 2709 garrtleatis
725 2658 774 2709 ipsis,

43 2724 60 2757 ct
77 2717 176 2768 glorificetis
193 2728 255 2755 aroinrcn
268 2717 304 2757 llci
331 2717 393 2757 Beatus
410 2717 437 2756 ille
456 2717 473 2754 in
487 2716 527 2754 Iesu
541 2714 617 2762 Christo,
632 2714 662 2765 qui
678 2715 775 2754 ministerio

42 2775 75 2812 isto
94 2776 142 2825 fungi
160 2774 262 2811 merebitur:
283 2779 300 2811 et
313 2786 342 2813 vos
358 2787 426 2824 quoque
441 2773 581 2824 glorificabimini.
606 2772 704 2812 Volentihus
720 2779 775 2812 autem

42 2832 91 2868 vohis
104 2843 139 2869 non
153 2836 179 2868 cst
193 2829 262 2868 alilhcilc
276 2843 307 2879 pro
321 2832 390 2869 nonriue
401 2832 436 2876 ilci,
451 2830 494 2868 sieut
508 2834 524 2866 ct
536 2827 601 2867 vicinae
615 2828 701 2868 llcclesiae
714 2830 776 2880 partim

42 2887 136 2939 Episcopus
150 2888 241 2935 irriseruntj
256 2886 317 2938 partim
331 2887 442 2939 Prcshpteros
456 2890 473 2923 et
486 2885 575 2922 Diaconos,
