1793 3076
156 72 234 113 rernm
245 74 346 115 orrsrom
359 76 385 115 nn
399 60 505 116 nnnrsros.
524 76 543 116 n.
557 76 584 114 m.
598 75 624 114 rr.
727 69 763 111 ree

29 186 100 233 Christi,
119 197 153 225 arna
166 197 205 225 cunr
219 187 298 227 Onesimo
312 194 329 228 et
342 190 408 229 Enrrlae
423 195 440 227 et
451 188 504 240 Eupho
519 194 536 227 et
549 188 646 237 Frontone,
667 199 700 240 per
718 199 761 238 quos

28 258 57 286 ros
71 255 130 282 omnes
146 244 202 294 quoad
216 244 315 284 charitatem
329 247 367 284 ridi.
385 247 439 284 Eruar
453 246 500 283 vobis
510 252 599 297 perpetuo,
613 247 628 285 si
636 246 696 298 dignus
706 246 761 284 luero.

28 304 79 342 Decet
93 299 149 349 itaque
162 311 193 338 ros
207 302 285 339 onrnihns
298 303 354 340 modis
368 302 464 351 glorificare
478 302 533 339 lesum
547 302 641 349 Christum,
655 303 684 352 qui
697 302 762 351 glorifi-

29 358 71 399 cavit
87 367 126 404 vos,
143 363 163 395 ut
175 357 192 395 in
207 356 304 396 obedientie
316 370 350 396 iana
363 359 400 396 sitis
414 357 497 408 perlecti,
512 356 572 395 eadem
586 362 655 406 mente,
669 359 761 409 eademque

30 415 118 460 sententia,
137 414 217 463 idemque
237 414 296 453 edicatis
315 416 335 453 de
353 415 413 453 eodem
432 425 501 460 omnes,
518 419 538 452 ut
557 414 630 452 subiecti
648 415 728 464 episeopo
746 420 763 453 et

30 469 137 523 presbyterio
152 480 183 519 per
197 470 253 507 onmia
266 471 368 509 sanctificati
382 471 424 508 sitis.

29 573 79 612 Peter
92 569 131 609 lesu
145 571 208 609 Christi
226 583 260 610 urm
272 583 309 611 cum
324 572 414 619 Cresima,
428 572 504 619 burrho,
518 571 572 621 Euplo
587 576 604 609 et
617 570 714 618 Frontone,
733 582 764 621 per

30 639 73 679 ques
87 639 117 665 ros
132 638 191 665 omnes
205 629 222 665 in
241 629 310 666 caritate
323 629 366 667 vidi:
384 630 407 667 ita
424 634 506 679 perpetuo
520 628 569 666 vobis
581 628 636 672 fruar,
651 630 665 666 si
679 638 764 666 meruero.

31 684 111 722 Corrrenit
125 695 166 732 crgo
180 684 258 722 omnibus
272 686 327 723 modis
341 685 438 734 glorificare
452 685 507 723 Iesum
522 685 616 730 Christum,
635 686 664 734 qui
681 683 765 733 glorificat

30 753 65 787 ros,
79 744 98 777 ut
111 739 129 777 in
142 752 176 777 una
187 739 283 779 obedientia
291 740 412 792 sitisperieoti,
426 740 484 779 eadem
493 745 556 787 mente,
571 740 664 790 eademque
674 740 763 786 sententia,

34 797 113 845 idemque
128 796 187 835 dicetis
203 797 223 835 de
237 798 298 836 eodem
312 809 381 845 ornnes,
399 804 417 836 ut
436 797 508 836 subiecti
522 798 608 847 Episcopo
625 802 642 835 et
654 797 764 848 Presbyterio

31 865 63 904 per
77 853 133 890 omnia
146 853 183 891 sitis
197 853 303 892 sarrotiiieoti.

33 979 60 1018 111.
89 978 191 1019 Siocomei
203 979 284 1028 soperbia
293 998 314 1005 -
325 991 384 1018 emere
397 980 458 1018 deiferos
468 998 492 1005 -
502 992 533 1019 eos
545 980 628 1019 adhortor
640 981 664 1018 od
677 980 765 1017 rcrtdotere.

83 1069 120 1109 Non
134 1070 221 1119 praeeipio
235 1069 288 1117 robis,
303 1071 351 1120 qnasi
364 1071 396 1109 sinr
410 1070 475 1120 aliquis.
502 1071 579 1117 erarnvis
593 1071 638 1109 enirn
652 1071 717 1108 vinetus
727 1081 765 1107 snnr

33 1131 103 1178 propter
117 1137 179 1164 nomen
193 1127 265 1174 Christi,
283 1128 359 1165 nomlnm
377 1134 433 1167 tarnen
450 1127 536 1177 perlectus
551 1139 588 1165 saun
606 1128 623 1165 in
637 1127 676 1165 lesu
691 1126 764 1178 Christo.

32 1184 80 1223 Nune
92 1184 137 1221 eninr
150 1183 213 1232 incipio
229 1183 323 1233 discipulus
338 1196 382 1230 esse,
397 1190 414 1222 et
427 1184 504 1234 alloquor
516 1196 546 1222 ros
555 1189 574 1222 nt
586 1185 700 1222 condoctores
710 1194 764 1220 meos.

32 1241 73 1278 Nare
88 1240 179 1289 oportebat
191 1239 293 1278 mearobis
307 1239 405 1278 confirmari
418 1240 457 1286 bde,
471 1241 591 1286 admonitione,
605 1241 690 1290 patient-ia,
705 1251 765 1289 aequa-

33 1296 113 1334 nimitate.
139 1296 160 1333 ht
174 1306 212 1333 cunr
226 1295 299 1334 ebaritas
313 1308 347 1334 neri
361 1297 405 1334 sinat
417 1308 444 1334 me
458 1301 515 1334 tacere
529 1297 550 1334 de
565 1296 619 1343 robis,
632 1301 724 1345 propterea
738 1307 765 1332 an·

33 1352 92 1391 teverti
105 1364 135 1390 ros
150 1352 252 1399 abinonere,
266 1357 285 1391 ut
298 1352 380 1392 uniamini
394 1354 411 1391 in
425 1353 508 1392 sententia
522 1352 557 1391 Eoi.
577 1353 643 1391 Etenim
657 1353 704 1390 lesus
720 1351 765 1389 Chri·

34 1414 79 1455 stus,
99 1409 217 1457 inseparabilis
231 1414 290 1446 nostra
303 1410 345 1453 vita,
364 1411 449 1447 sententia
461 1410 516 1447 Patris
530 1415 565 1455 est,
580 1415 598 1446 ut
610 1416 627 1447 et
640 1410 722 1458 episcopi,
735 1420 767 1457 per

34 1469 98 1504 tractus
113 1469 169 1503 terrae
184 1465 277 1510 constituti,
290 1465 307 1502 in
321 1467 404 1504 sententia
418 1466 457 1504 lesu
471 1465 533 1503 Christi
547 1470 592 1503 sunt.

85 1563 129 1604 *tlt
156 1567 289 1617 Nonpraecipio
302 1567 356 1613 vobis,
370 1567 419 1617 quasi
427 1567 458 1605 sim
472 1567 542 1615 aliquis3
557 1567 631 1616 [prrmnvis
646 1567 691 1605 enirn
700 1567 766 1605 vinetus

35 1623 66 1662 sim
83 1623 117 1662 hoo
131 1625 205 1671 nomine,
219 1624 295 1662 nondum
313 1628 367 1661 tamen
381 1624 468 1674 perlectus
482 1635 519 1662 sum
533 1624 550 1660 in
567 1623 606 1661 Iesu
620 1622 692 1661 Christo.
718 1624 767 1661 Nune

34 1681 79 1718 enim
92 1680 156 1730 incipio
167 1680 261 1731 discipulus
275 1692 319 1726 esse,
334 1685 350 1718 et
360 1681 438 1730 alloquor
451 1692 481 1718 ros
495 1686 514 1718 ut
523 1680 649 1731 condiscipulos
661 1692 715 1719 meos.
741 1680 767 1719 lle

35 1738 79 1774 enim
93 1738 182 1785 oportebat
196 1749 205 1774 a
218 1738 266 1774 robis
285 1737 382 1774 subinstitni
396 1737 439 1783 bele,
452 1737 575 1783 admonitione,
589 1737 677 1786 patientia,
692 1738 767 1786 longani-

34 1793 101 1831 mitate:
115 1793 146 1831 sed
157 1793 294 1843 quarrdoquidem
304 1792 376 1830 clamitas
387 1804 419 1830 iton
428 1792 468 1831 sinit
476 1803 503 1830 me
511 1797 568 1831 taoere
578 1793 598 1830 de
609 1792 661 1839 robis,
676 1799 767 1843 propterea

35 1850 116 1888 anteverti
129 1861 159 1888 vos
172 1849 270 1897 aduronere,
284 1855 303 1888 ut
312 1850 418 1888 concurratis
432 1849 563 1888 onmroluntate
576 1850 610 1887 llei.
637 1848 679 1888 Nam
692 1855 709 1888 et
719 1849 766 1888 lesus

36 1906 111 1944 Christus
125 1906 159 1944 vita
175 1911 231 1945 restra
244 1907 298 1945 Patris
316 1911 343 1944 est
355 1906 441 1945 voluntas:
459 1907 503 1945 sicut
520 1911 537 1944 et
549 1906 629 1956 Episcopi
649 1907 684 1944 suis
703 1907 767 1956 quique

35 1962 77 2002 locis
91 1962 179 2001 constituti
191 1963 209 2001 in
222 1962 261 2001 lesn
275 1962 338 2000 Christi
350 1963 435 2001 voluntate
449 1968 493 2001 sunt.

153 2088 179 2125 lV.
205 2089 310 2136 Presbytert'i
322 2089 405 2127 territetere
419 2100 458 2126 caeru
471 2089 548 2137 episeopo
561 2088 656 2126 tntcetntnt.

87 2166 135 2206 Unde
150 2168 199 2206 decet
209 2180 239 2206 vos
253 2168 270 2205 in
284 2169 362 2218 episcopi
374 2169 475 2206 sententiam
490 2179 604 2213 concurrere,
618 2166 665 2216 quorl
679 2173 695 2205 et
708 2167 769 2205 iaoitis.

36 2222 76 2261 Num
89 2224 199 2262 memorabile
212 2229 287 2261 restrum
300 2224 435 2273 presbyterium,
455 2224 523 2273 dignum
537 2224 581 2266 Deo,
597 2225 621 2259 ita
635 2228 730 2272 coaptatum
744 2228 771 2260 est

88 2320 128 2364 *tt
156 2325 202 2364 Unde
211 2330 228 2363 et
238 2337 266 2363 ros
274 2325 324 2364 decet
333 2326 415 2364 accedere
425 2325 518 2364 sententiae
526 2325 612 2375 Episcopi,
628 2326 769 2375 quemadmodum

38 2384 54 2416 et
59 2381 123 2419 facitis:
131 2394 170 2419 nant
175 2382 285 2419 memorabile
291 2383 332 2420 illud
338 2388 412 2420 vestrum
417 2382 560 2432 presbyterorum
565 2382 655 2431 collegium
660 2383 729 2430 dignum
736 2383 769 2420 ileo

38 2478 167 2486 -Ἣ

68 2535 85 2578 1)
97 2537 192 2570 Vidloann.
205 2537 229 2577 ld,
241 2537 255 2570 C
267 2537 318 2569 blattlr,
331 2537 355 2578 ll,
367 2536 392 2569 21.
415 2538 440 2569 bos
460 2537 514 2577 ditibus
532 2537 571 2569 orbis
588 2541 639 2568 terror.
663 2537 694 2576 ign.
708 2536 735 2576 Ep.
750 2535 768 2567 ed

68 2582 84 2622 8)
96 2582 165 2616 Forsitan
180 2580 211 2626 τὴν
222 2579 293 2629 χάριτα.
319 2581 349 2616 tn,
365 2583 392 2625 Ep.
414 2582 456 2615 Ideni.
469 2593 481 2614 c,
493 2583 507 2614 l,
521 2586 556 2615 ertr.
573 2582 598 2620 ele
612 2576 664 2615 ddum
676 2578 710 2614 dut
727 2577 768 2615 ἀνε-

38 2626 56 2659 ad
65 2629 112 2670 blagn.
125 2639 137 2661 ε.
145 2629 159 2661 2Δ
170 2628 250 2661 blurbloed.
269 2628 286 2661 ht
294 2629 307 2660 si
318 2628 347 2661 iam
354 2629 393 2661 Pau-
415 2628 468 2669 τολῆς.

39 2671 60 2704 lus
71 2674 97 2715 hp.
110 2675 160 2707 dicere
172 2674 230 2716 potnit,
241 2674 257 2706 in
269 2684 327 2706 omnem
338 2680 393 2707 terram
446 2675 463 2714 9)
476 2675 497 2707 lta
509 2673 543 2714 CL.
565 2672 610 2713 bingis
623 2682 639 2704 cn
651 2671 770 2705 morehuctoris

38 2718 90 2752 exiisse
102 2730 155 2753 somnn
165 2718 293 2762 Evangelistarmn
304 2723 318 2752 et
329 2720 344 2752 in
355 2720 392 2752 lines
414 2724 454 2752 osset
467 2732 479 2753 ε.
490 2725 518 2752 ret
530 2720 556 2751 int.
568 2714 637 2765 γνώμη,
655 2717 769 2759 praepositione

39 2764 78 2797 orbis
89 2770 143 2805 terrae,
156 2766 192 2809 quial
203 2765 265 2806 mirum,
278 2766 319 2808 quod
329 2766 394 2807 ignatius
416 2764 435 2800 ἓν
446 2766 510 2799 esclusa.

39 2807 56 2842 rio
67 2810 147 2855 Episcopis
158 2812 206 2845 ubivis
218 2811 302 2844 constitutis
314 2808 393 2855 loquitur?

39 2852 67 2888 Etr.
79 2857 143 2891 Hermae
155 2860 194 2892 Past
203 2858 239 2891 Sim.
249 2857 263 2898 8,
272 2856 286 2890 3.
304 2857 334 2890 Hae
346 2861 394 2890 nectere
447 2856 482 2898 Cap.
495 2857 517 2889 tv.
542 2856 584 2899 l)lo
597 2867 635 2891 rers.
648 2858 770 2901 Synehde-

38 2900 67 2943 lcqe
79 2903 126 2938 Editor
137 2904 165 2939 del
175 2905 268 2948 praedicatos
284 2907 306 2937 cst
317 2904 334 2937 dn
345 2904 393 2937 orrerri-
415 2903 493 2936 sidereum
