1793 3076
148 100 160 131 n
348 86 375 124 on
388 84 473 122 nnnrrm
488 85 520 123 cn.
533 71 587 122 cres.
600 84 674 123 ronna

147 198 246 254 στομένων
261 195 294 250 τῆς
311 190 417 247 ἐκκλησίας.
446 193 519 235 Graecis
536 194 577 236 istis
595 194 642 235 mira
655 199 683 235 est
696 207 738 236 corn
751 194 815 237 Latino
829 199 879 236 tenta

147 270 203 311 οοιμιο
216 254 285 304 urlgato
299 250 429 301 teramnanae,
442 251 462 292 in
476 264 511 305 quo
526 264 581 306 speum
594 251 640 292 nihil
652 264 735 306 prorsus
743 251 814 293 δίδυμοί
825 264 878 305 prae-

145 318 173 354 ter
191 322 246 351 cirrum
263 308 307 349 illual
323 307 373 362 prius
391 308 476 358 „autenm
496 308 547 349 euius
563 309 604 350 loeo
623 307 690 349 Graece
710 306 747 349 orio
766 308 839 361 legitur,
858 321 879 349 ex

144 367 249 408 arroteritetc
260 363 341 406 Vaticani
355 363 423 405 codicis
436 363 500 417 ‚,erg'o“
513 365 639 419 reponendum
653 369 685 406 cst.
711 364 742 407 lt
754 364 819 406 iisdem
835 377 878 407 uero

144 422 216 462 Graccis
232 421 249 462 is
266 421 297 475 (pri
314 420 361 474 aprucl
378 419 476 471 Origcncm
493 426 552 461 tentus
571 427 599 462 est
612 421 679 461 mir-mn
692 423 711 462 in
724 422 799 461 ιιιοδιιιιι
814 422 879 462 diflert.

142 478 169 519 lhi
183 483 211 519 est
230 477 289 519 enirn:
308 472 393 530 Γροίψοις
406 472 444 515 δύο
457 474 526 529 βιβλία,
540 474 573 517 καὶ
587 473 654 525 δώσεις
665 476 687 519 δν
701 474 798 531 Κίήμεντι
811 473 844 518 καὶ
856 474 879 518 ἓν

143 534 234 591 Γρατοῄ.
252 531 285 575 καὶ
303 528 383 588 sponsa)
403 527 438 585 pio
456 527 573 586 νουθετήσει
589 529 624 583 cols
637 527 698 589 χήρας
711 533 744 577 καί
757 528 805 583 τοὺς
817 528 878 589 ὅρμα

144 590 197 644 νοτίς,
211 587 292 645 Κλήμης
305 586 326 632 δὲ
338 585 407 643 πέμψει
420 587 447 637 εἰς
457 584 493 638 τὰς
506 586 542 640 ἔξω
555 587 629 639 πόλεις·
643 587 668 633 οδ
684 588 705 634 δὲ
718 587 827 646 comprimis
838 592 878 639 τοῖς

142 643 277 704 πρεσβυτέροις
290 646 324 700 τῆς
336 644 441 700 ἐκκλησίας.
468 646 496 687 An
509 646 564 700 igitm·
577 648 658 693 dicamus
672 649 769 703 Origenem
783 649 878 702 scripsisse

143 704 263 750 memoriter?
289 704 364 747 Minime
376 717 430 745 rere:
450 708 548 758 postquam
562 704 611 744 etaim
619 704 646 745 cle
659 705 735 747 Pastore
748 705 834 756 Hermae,
851 704 878 745 li-

142 763 176 803 ltro
196 775 206 803 a
223 762 313 803 rrorrrmllis
330 762 425 813 despecto,
443 762 501 814 deque
519 760 559 812 ipso
575 775 629 814 (poem
642 761 684 801 inde
697 762 782 802 ullatenus
796 766 824 801 est
836 761 877 802 loco

142 819 194 872 plura
206 818 255 867 dixit,
268 818 315 857 hunc
328 816 348 856 in
360 816 435 857 randum
448 816 517 868 pergit:
531 813 570 857 ἔστι
582 812 603 857 δὲ
615 812 627 870 ἡ
641 813 689 867 λέξις
703 813 759 870 αὕτη,
774 816 877 870 significans

143 875 166 915 acl
180 875 253 917 rcrhnm
268 887 287 914 sc
301 885 353 914 sumn
367 872 457 925 exemplar
471 870 608 926 exscriptorum.
630 873 752 915 Nihilominus
766 885 800 928 pro
813 874 878 914 archc-

142 935 185 983 tppo
202 935 271 972 tentum
288 934 372 970 nostruin
389 928 522 969 periclitantibus
541 934 590 969 certe
606 942 663 970 cirrum
679 930 769 983 reliqumn
786 934 815 969 est
833 930 877 970 ellu-

143 987 200 1039 giurn:
219 985 279 1027 elicere
296 984 344 1026 enirn
361 983 423 1025 licebit
438 1007 464 1013 -«
477 985 532 1027 Panlo
545 985 629 1038 apostolo
644 990 691 1027 teste
705 985 766 1027 omelia
777 984 832 1026 licent
846 985 878 1025 sed

141 1055 180 1084 aron
193 1042 254 1084 omnia
267 1042 330 1094 iurant,
339 1065 365 1070 -
383 1040 463 1082 diversas
476 1040 532 1082 titisse
546 1053 612 1095 easque
627 1042 705 1084 Graecas
718 1042 754 1083 iam
769 1042 823 1085 tertio
837 1054 877 1082 sac-

142 1099 182 1140 culo
199 1097 280 1139 Pastoris
298 1098 375 1138 Hermae
394 1097 516 1137 recensiones
543 1098 596 1146 Quod
610 1098 626 1138 si
640 1097 668 1138 eui
681 1099 780 1150 videbitur,
794 1098 878 1152 equidem

140 1169 205 1197 vereor
221 1167 244 1196 ne
263 1153 346 1208 (trigenis
364 1154 448 1195 recensio
461 1153 571 1195 immensum
585 1159 671 1208 (puarrtum
683 1160 776 1209 praestare
789 1154 878 1195 iudicetur

141 1212 202 1262 alteri,
216 1211 295 1262 etiamsi,
311 1211 359 1265 quod
371 1224 434 1252 revera
446 1224 484 1251 non
498 1215 534 1262 est,
548 1211 576 1252 vel
589 1212 667 1252 raranimc
681 1225 722 1252 emar
736 1212 820 1252 onmihus
833 1224 877 1252 eon-

140 1267 200 1308 veniat
213 1279 257 1321 (μου
271 1267 290 1307 in
303 1266 349 1307 lihrc
362 1266 495 1307 incertissimae
508 1266 581 1317 aetatis,
601 1267 631 1320 qui
644 1267 749 1308 inscribitur
763 1266 878 1309 διδασκαλία

142 1320 191 1376 πρὸς
201 1319 299 1376 Ἀντίοχον
309 1321 419 1375 Δοῶκοινῇ)
433 1322 478 1364 item
491 1322 510 1363 in
522 1323 604 1364 homiliis
618 1323 703 1365 Antiochi
718 1324 748 1379 qui
762 1324 833 1366 saeculo
847 1338 877 1365 sc-

141 1380 200 1432 ptimo
213 1379 261 1429 arisit,
274 1385 293 1420 et
306 1380 347 1420 alihi
361 1393 383 1419 en
395 1379 462 1420 Herma
475 1379 564 1432 exscripta
578 1379 668 1433 legrmtm.

185 1538 202 1582 S)
216 1538 291 1571 hilclamns
308 1537 375 1578 exempla
389 1536 418 1569 duo
434 1540 481 1568 tentus
493 1534 546 1568 Gracci
563 1547 580 1569 cn
596 1536 624 1570 hae
639 1536 672 1578 ipsa
683 1536 754 1570 Doctrina
765 1538 820 1579 potita,
836 1538 876 1571 rrrrtlc

142 1584 189 1618 multo
200 1583 294 1628 prohahilins
307 1583 323 1615 lit
334 1582 421 1623 fragmentis
431 1579 535 1623 Lipsienslhns
545 1581 683 1624 interpretationem
695 1582 743 1615 Latini
754 1587 810 1625 textus,
822 1585 876 1617 tactam

141 1631 183 1664 illam
200 1629 259 1673 quidam
275 1628 345 1661 adlrihitis
360 1633 426 1661 veterum
442 1625 523 1667 excerptis,
539 1638 583 1670 qnam
597 1627 645 1670 ipsius
658 1627 723 1661 Hermae
734 1628 811 1672 antiquum
821 1634 876 1662 textum

142 1676 215 1709 Graecum
227 1675 304 1707 contineri.
326 1674 375 1707 llaml.
385 1673 416 1714 ml,
427 1673 442 1706 l,
455 1671 495 1714 apud
505 1682 533 1705 nos
545 1672 567 1706 sic
578 1673 642 1716 legitur:
658 1672 680 1707 Oct
692 1672 712 1709 δὲ
725 1672 755 1708 co
771 1677 808 1713 τοῖς
817 1675 876 1720 χείλε-

142 1729 171 1757 σιν
182 1720 251 1767 ἔχοντες
264 1718 294 1754 ιδν
305 1715 370 1766 κύριον,
383 1716 414 1762 τὴν
425 1715 445 1751 δὲ
456 1715 533 1764 καρδίαν
544 1717 603 1761 τριῶν
614 1719 756 1766 πεπωρωμένην,
767 1720 796 1753 καὶ
806 1719 877 1767 μακρὰν

139 1763 190 1807 ὅντες
202 1764 237 1802 ἀπὸ
249 1767 279 1801 τοῦ
290 1767 343 1809 θεοῦ,
353 1763 426 1803 ἐκείνοις
436 1763 455 1798 ot
465 1761 533 1798 ἐντολαὶ
544 1762 596 1798 οῶτοιι
607 1765 681 1813 σκληραί
691 1766 727 1799 εἰσι
741 1765 770 1799 καὶ
786 1763 875 1810 δυ’σβιιτυι.

141 1813 200 1847 &coos
212 1805 244 1847 οὗν
258 1810 318 1858 ὑμεῖς,
335 1811 351 1845 ct
369 1811 415 1846 κενοὶ
431 1809 460 1843 καὶ
471 1806 543 1857 ἐλαφροί
556 1807 607 1849 ὄντες
622 1809 642 1846 ἐν
655 1813 677 1857 τῇ
693 1813 762 1853 πίστει,
774 1810 805 1848 τὸν
815 1808 876 1857 κύριον

138 1856 190 1903 ὑμῶν
204 1859 229 1896 εἰς
246 1855 278 1900 τὴν
292 1854 376 1902 καρδίαν,
387 1856 417 1889 κιδ
428 1852 521 1900 γνιόστυδε
531 1853 559 1890 ὅτι
572 1862 600 1890 etc.
621 1857 677 1889 Eadem
688 1857 708 1890 ita
719 1858 782 1899 praehet
793 1859 875 1892 Doctrina:

139 1904 161 1937 Οἱ
172 1901 192 1938 δὲ
207 1901 237 1937 ἐπὶ
251 1900 274 1936 ch
283 1902 343 1947 χείλη1
358 1900 427 1946 ἔχοντες
441 1900 472 1936 τὸν
485 1896 554 1945 κύριον,
566 1901 597 1944 τὴν
609 1899 628 1935 δὲ
639 1900 723 1948 καρδίανῖ
735 1904 874 1950 πεπωρωμένην

138 1948 168 1982 καὶ
179 1946 249 1995 μιικρξιν
263 1943 313 1986 ὄντες
324 1945 359 1981 ἀπὸ
372 1948 402 1981 τοῦ
413 1945 489 1993 accentu
503 1944 533 1980 διδ
541 1946 573 1991 τὴν
580 1947 648 1983 ἑαυτῶν
655 1946 761 1995 ῥαθυμίαν,3
771 1947 843 1987 ἐκείνοις
857 1948 875 1983 αἱ

138 1992 264 2028 tractatoriam
275 1993 348 2038 σκληραί
355 1993 400 2027 εἰσιν
408 1993 438 2026 καὶ
444 1990 604 2038 δυσκιιτόρδωτοι.4
619 1992 714 2028 occaecata
725 1991 781 2040 ὑμεῖς,
788 1994 805 2028 οἱ
815 1992 874 2041 ὀλιγό-

139 2040 202 2084 τμοχοι5
216 2039 245 2071 καί
258 2037 339 2084 {intorpuit
354 2038 384 2082 apl
400 2039 467 2080 πίστει,
482 2037 513 2074 τὸν
527 2035 596 2084 κύριονΒ
610 2036 737 2076 ἀδιαλείπτως9
754 2041 779 2078 εἷς
791 2038 822 2078 τὰς
833 2051 874 2086 κυρ-

139 2083 196 2122 atach
206 2083 278 2129 ὑμῶν,11
289 2084 318 2116 καὶ
328 2079 421 2127 promeae
431 2079 460 2117 δτι
471 2089 499 2117 etc,
520 2084 604 2117 ouooccim
613 2089 647 2116 sunt
656 2095 694 2127 quae
704 2085 734 2117 hcc
745 2085 786 2118 lucri
797 2085 832 2119 loco
845 2087 874 2119 tir-

139 2131 195 2170 lernnt,
208 2130 224 2161 in
235 2129 284 2170 iisqne
294 2128 338 2169 plura
349 2139 379 2160 non
389 2128 426 2160 leuis
437 2129 514 2162 rrronrcnti.
534 2130 581 2163 κενοὶ
592 2139 621 2170 pre
638 2126 743 2174 ὀλιμόιμυχοι
758 2135 773 2163 et
789 2128 874 2175 δύσβατοι

138 2183 167 2216 pro
183 2172 328 2220 δυσκιιτόρδωτοι
343 2173 389 2206 multo
407 2173 453 2214 magis
467 2173 607 2216 interpretationem
617 2174 704 2207 Latinorum
714 2176 781 2216 produnt
792 2187 836 2218 qnam
847 2188 873 2211 ra-

137 2219 206 2253 rietalem
216 2219 283 2253 ciusdem
295 2218 347 2252 Gracci
357 2223 409 2251 textus.
432 2219 459 2251 Cui
470 2220 509 2252 enim
520 2220 580 2252 lumem
590 2220 605 2252 io
617 2225 681 2256 montem
696 2220 746 2253 venire
761 2228 821 2263 poterat
836 2223 873 2256 alle-

138 2276 171 2298 rnm
182 2276 210 2308 pro
222 2264 269 2297 altero
281 2261 360 2298 scrita-ct
380 2264 416 2296 Tum
427 2274 463 2297 roro
476 2264 506 2298 ant
517 2267 553 2303 τοῖς
561 2265 640 2309 χείλεσιν
650 2265 733 2298 accuratius
750 2278 794 2310 qnam
810 2266 840 2301 lat
852 2268 873 2302 τὰ

135 2312 186 2357 χείλη
194 2310 251 2345 Latinis
262 2310 287 2351 „in
298 2310 342 2343 lahiis
353 2309 395 2343 suis“
405 2311 502 2352 respondent.
524 2311 580 2344 Eadem
587 2310 626 2344 ratic
639 2316 661 2345 cst
669 2311 749 2345 tertiorum
756 2313 781 2351 εἰς
791 2314 823 2357 τὴν
830 2325 873 2348 καο-

137 2356 180 2391 δίαν
194 2356 253 2399 (hatinc
269 2355 295 2397 „in
312 2356 375 2397 coroe‘)
392 2365 420 2397 pro
435 2356 460 2393 εἰς
475 2354 507 2394 τὰς
521 2354 595 2401 καρδίας
609 2355 665 2402 ὑμῶν,
676 2355 749 2404 {tappet
760 2353 810 2397 ὄντες
821 2359 840 2395 ἓν
851 2345 872 2404 δή

136 2402 180 2446 (‚‚qui
191 2402 231 2435 loros
243 2400 279 2434 estis
290 2401 305 2433 in
316 2400 363 2442 floe‘t
375 2410 403 2442 pro
417 2399 489 2446 ἐλαφροὶ
501 2403 526 2449 τῇ,
540 2399 571 2443 τὴν
586 2399 606 2435 δὲ
621 2400 696 2449 καρδίαν
709 2404 767 2438 αὐτῶν
780 2403 825 2446 (μοι
836 2397 872 2439 trrc'-

135 2447 186 2491 rum“)
198 2457 226 2491 pro
238 2445 270 2490 τὴν
281 2444 301 2480 δὲ
312 2443 389 2493 καρδίαν
401 2451 428 2479 etc.
450 2447 502 2489 Neque
513 2446 613 2481 ealditamcnta
624 2447 650 2481 illa
660 2448 698 2482 darc:
718 2446 748 2482 διὰ
758 2447 789 2494 τὴν
804 2449 872 2487 ἑαυτῶν

135 2494 227 2542 ῥιιδνμίιιν
239 2497 253 2526 ct
264 2490 383 2530 ἀδιαλείπτως
395 2492 414 2524 οδ
424 2491 500 2526 licentiam
511 2492 604 2534 excerpentis
615 2494 695 2527 rolcrcndn
707 2494 780 2537 silentur,
791 2496 806 2531 in
817 2497 871 2531 Latino

135 2551 170 2574 rere
182 2543 222 2574 tento
233 2538 291 2581 pariter
302 2543 347 2582 atquc
357 2538 373 2570 in
391 2537 447 2570 Gracco
459 2538 534 2581 Lipsiensi
549 2539 606 2572 [lesum.
627 2539 696 2573 Celerum
707 2541 783 2574 Palatinus
798 2544 845 2576 codex
856 2545 870 2576 h.

135 2587 144 2620 l.
157 2586 214 2626 deficit,
229 2596 247 2618 oe
261 2589 326 2627 possunt
340 2583 385 2616 lacilc
399 2593 447 2626 μονον
462 2583 488 2616 δίο
501 2594 547 2626 capric
559 2584 597 2617 leuia
609 2595 647 2629 quae
658 2585 786 2631 internarumque
798 2588 871 2622 Graccum

134 2637 190 2665 tentum
201 2631 247 2664 insito
258 2631 319 2673 litigato
331 2629 384 2663 Latino
397 2629 494 2670 conveniunt,
507 2640 523 2662 ex
534 2630 605 2664 uarietate
616 2631 668 2665 Latina
680 2633 749 2666 derivari.

138 2684 140 2689 ⁴
176 2677 242 2710 Alterum
253 2677 337 2719 exemplum
347 2675 411 2718 praehet
421 2675 469 2707 trano.
481 2675 497 2708 V.
512 2686 540 2717 per
553 2680 600 2708 totum
611 2677 643 2709 lcre
658 2683 703 2719 capnt
714 2679 801 2711 secundnm
820 2680 841 2713 Er
852 2681 870 2713 its

137 2721 189 2762 paribus
203 2721 241 2754 alter
255 2726 303 2755 textus
320 2722 339 2755 ah
351 2721 399 2754 altero
411 2719 461 2752 titan
471 2729 519 2762 pannea
529 2725 585 2754 tantum
603 2722 710 2756 adscribamus
733 2724 773 2757 Text.
784 2724 825 2767 cipe.
842 2726 870 2761 καὶ

135 2765 154 2800 ἐκ
166 2768 195 2800 τοῦ
206 2765 283 2811 μηδενὸς
296 2766 306 2812 a}
316 2765 360 2812 γυνὴ
370 2763 382 2810 ἢ
394 2763 403 2800 ὁ
417 2763 460 2811 ἀνὴρ
471 2764 490 2800 ἓν
502 2767 563 2814 πικρία
575 2767 643 2821 plaucos
657 2765 715 2804 ἕνεκεν
725 2764 813 2812 βιωτικῶν
825 2782 869 2819 πρα-

134 2808 208 2855 γμάτων
229 2817 257 2844 etc
278 2814 329 2847 Docti,
341 2812 370 2847 καὶ
381 2809 437 2850 οὕτως
448 2812 560 2857 πικραίνεται
573 2810 668 2859 (ι’νδρωπος
679 2813 738 2849 ἕνεκεν
752 2817 774 2858 ph.
787 2827 816 2864 πρ.
829 2818 869 2851 Tcrt.

134 2856 175 2898 Lips.
186 2854 196 2900 ἡ
213 2853 233 2888 δὲ
247 2861 361 2905 μακροθυμία
371 2854 439 2903 propello
451 2855 489 2890 ἐστὶ
499 2856 528 2889 καὶ
545 2856 618 2904 ἰσχυρὰν
628 2856 705 2906 δύναμιν
716 2858 779 2903 ἔχουσα
791 2862 820 2894 καὶ
831 2872 869 2896 στι-

133 2899 179 2948 βαρὰ
193 2899 222 2934 καὶ
238 2899 355 2951 εὐθονοομένη
369 2904 388 2940 ἐν
402 2903 501 2949 πλατουμῶ
514 2898 593 2949 papilla),
611 2900 672 2950 ἱλαροὶ,
685 2903 814 2952 ἀγαίίιωμένρ,
826 2905 869 2953 ἀμέ-
