1793 3076
215 94 228 132 Ι.
243 94 358 134 continuus
372 95 398 133 AD
413 94 459 133 COR.
480 94 536 133 XVIII.
551 94 591 132 XIX.
604 93 638 132 XX.
771 88 797 130 67

59 219 95 253 me3
114 206 194 256 quoniam
207 207 313 256 iniquitatem
326 219 381 245 meam
395 218 427 256 ego
441 217 531 255 cognosco,
546 212 562 245 et
573 212 661 259 peccatum
671 218 727 245 meum
738 216 795 244 coram

59 275 86 301 me
101 266 127 300 est
140 273 213 313 semper.
241 263 278 301 libi
293 263 325 301 soli
337 263 414 313 peccari,
429 267 446 300 et
458 262 519 301 malum
534 274 590 302 coram
605 269 620 302 te
638 264 680 309 seni,
698 268 717 301 ut
734 262 795 301 iustili-

61 318 105 358 ceris
119 319 136 355 in
150 320 258 357 sermonibus
272 319 315 364 tuis,
330 325 347 357 et
366 320 431 363 vincas,
445 329 482 355 cum
498 318 585 367 judiceris.
611 319 655 357 Ecce
669 321 718 366 enim,
732 320 749 357 in
764 319 794 357 ini·

61 374 152 426 quitatibus
167 381 260 424 conceptus
274 386 321 421 sum,
336 375 382 412 etin
397 374 472 424 peccatis
486 374 564 424 concepit
576 386 603 412 rne
615 381 669 413 mater
681 387 724 413 mea.
750 376 794 414 Ecce

62 431 216 478 emmunitatem
231 431 310 469 dilexisti.
336 431 402 468 Incerta
415 434 432 468 et
446 430 511 468 occulta
525 430 616 480 sapientiae
633 437 672 469 tuac
685 431 795 470 manifestasti

60 488 107 526 milri.
134 488 210 536 asperge
222 499 250 525 me
264 498 311 524 nuno
323 488 406 536 hyssopo,
421 491 437 523 et
447 487 551 531 mundabor3
569 486 605 524 lava
613 497 646 529 me,
657 488 795 535 etsnpernivem

61 542 158 583 dealbabor.
184 543 252 581 darditui
265 554 304 580 meo
319 543 339 580 da
354 542 433 593 gaudium
447 548 463 581 et
476 543 561 589 laetitiam,
575 547 592 580 et
599 542 698 581 exultabunt
709 553 749 580 ossa
759 554 796 581 mea

61 600 153 638 laumiliata.
181 600 242 638 dvorte
255 599 315 637 laniem
333 604 379 637 tuam
397 611 406 636 a
423 600 498 649 peccatis
516 599 569 646 meis,
588 605 604 638 ct
622 611 681 638 omnes
699 598 796 648 iniquitates

60 669 106 695 meas
121 657 165 696 dele.
193 657 226 694 Gor
239 657 320 693 mucidum
335 668 374 693 crea
388 657 405 693 in
418 667 455 701 ine,
470 656 523 700 bens,
538 660 554 692 et
566 656 644 705 spirituus
658 661 723 692 rectum
736 656 797 692 innova

62 713 79 750 in
91 711 186 750 visceribus
201 712 249 749 erreis.
275 711 299 749 Ne
313 711 394 761 proiicias
407 722 435 749 me
448 723 457 749 a
471 711 514 750 lacie
527 715 561 757 tua,
571 716 588 750 et
601 711 679 760 spiritum
693 715 741 748 tuum
760 722 797 748 san·

62 774 106 807 ctum
120 779 141 806 ne
155 767 223 806 auferas
236 780 245 806 a
259 779 291 806 ino
309 767 367 806 Reddo
381 767 424 805 milri
437 767 517 805 laetitiam
530 766 609 805 salutaris
622 768 652 813 tad,
667 772 683 804 et
692 767 759 816 spiritu,
769 766 798 817 qni

62 825 108 862 carni
122 824 202 874 imperat,
217 824 300 862 cotidiana
313 836 345 861 me.
371 824 440 861 Docebo
454 824 523 873 iniquos
537 824 571 860 vias
588 830 636 869 tuas,
651 830 667 861 et
685 820 732 872 im'pii
746 823 767 861 ad
780 829 797 860 te

62 884 187 919 eoraverteutur.
213 881 274 918 Libere
287 892 314 918 me
329 880 349 918 de
364 881 481 930 sanguinibus,
495 881 545 928 Deus,
559 880 603 918 Deus
618 879 676 917 salutis
687 890 740 917 rraeae.
767 879 797 917 lle·

63 937 136 975 cantabit
148 937 206 986 lingua
219 949 256 976 ntea
270 937 349 975 iustitiam
364 942 415 975 tuane.
442 937 521 981 Domine,
536 949 555 974 os
569 948 625 974 meurn
639 936 711 986 aperies,
726 940 743 973 et
754 935 798 973 labia

62 1004 100 1031 mea
113 993 235 1031 anrruntiabnut
248 993 315 1031 laudern
328 998 379 1030 tuam
407 993 498 1038 Quoniam,
513 993 528 1030 si
541 992 625 1030 voluisses
642 991 753 1038 sacrifitium,
770 992 798 1029 de·

63 1049 125 1087 dissem
139 1049 209 1099 utique;
229 1050 260 1087 sed
273 1049 378 1086 hailocauatis
392 1061 426 1094 non
441 1048 535 1086 delectaris.
562 1047 713 1087 Sacrificiumlleo
728 1048 798 1097 spiritus
825 1058 829 1066 ·

63 1105 196 1152 unianimitatem,
217 1117 248 1144 nor
262 1106 352 1144 contritum
366 1110 383 1143 et
395 1105 501 1143 humiliatum
514 1105 559 1143 Deus
573 1115 608 1143 non
622 1102 717 1154 despiciet‘

177 1239 218 1277 XIX.
244 1242 293 1279 Hoee
307 1241 386 1290 centuplo
398 1240 484 1278 incitantes
494 1251 557 1289 pacem
571 1250 683 1289 quaerentur.

116 1322 180 1366 Talium
193 1329 244 1380 igitur
258 1336 275 1367 et
287 1335 382 1375 tantorum,
395 1329 425 1378 qui
437 1334 471 1367 tom
486 1328 549 1366 clarum
568 1328 642 1378 elogium
654 1327 742 1367 consecuti
755 1334 799 1374 stant,

64 1385 149 1422 humilitas
163 1390 180 1422 et
195 1397 227 1435 por
247 1386 360 1423 obedientiam
374 1385 458 1432 subjectio
476 1388 589 1422 uolitantum
608 1395 649 1430 tros,
667 1385 699 1422 sod
717 1388 733 1422 et
750 1396 800 1434 geno·

65 1442 140 1478 rationes
154 1446 192 1479 ante
206 1452 238 1478 nos
252 1441 332 1479 meliores
346 1441 429 1486 reddidit,
449 1451 479 1478 eos
492 1451 554 1490 nempe
574 1441 601 1490 qui
616 1440 633 1477 in
647 1441 708 1479 timore
723 1445 741 1478 et
757 1441 800 1478 veri·

65 1501 98 1534 tate
114 1503 227 1545 susceperunt
241 1497 307 1545 eloquin
324 1497 366 1534 eius.
393 1497 448 1541 Quare
466 1495 558 1534 multorum
576 1508 712 1545 niagnornmque
729 1502 747 1533 et
762 1497 800 1533 illu-

66 1551 126 1589 striunr
138 1547 226 1601 gestorum
239 1553 331 1603 participes
350 1552 389 1590 facti
408 1564 517 1591 recurramus
531 1552 552 1590 ad
565 1554 613 1602 parts
627 1564 698 1602 scopum
716 1552 766 1590 nobis
780 1552 800 1590 ab

65 1608 114 1645 initio
127 1608 216 1653 traditum,
231 1614 247 1646 et
262 1609 312 1646 totius
327 1609 385 1645 ntundi
398 1614 487 1657 parentem
501 1613 518 1645 et
531 1614 625 1647 creatorem
639 1609 730 1657 diligenter
747 1608 801 1646 intue-

67 1675 124 1709 amur,
138 1668 188 1713 atqne
202 1664 246 1703 illius
260 1664 354 1715 nragrrilieis
369 1669 387 1701 et
400 1665 540 1715 ersaaperantibus
556 1665 605 1703 donis
618 1666 664 1715 pacis
679 1670 696 1703 et
709 1665 802 1703 benefactis

67 1720 139 1758 firmiter
152 1721 280 1761 adhaereamus.
309 1721 413 1770 Cogitatinne
428 1722 564 1770 contemplemur
578 1733 628 1768 earm,
642 1727 659 1759 et
671 1723 733 1760 mentis
748 1722 801 1759 oculis

66 1777 180 1825 longanimam
193 1777 231 1824 ejus
246 1779 348 1814 vnlrrntatem
361 1778 462 1814 intueamur.
489 1778 589 1824 Videamus,
604 1783 709 1827 quantopere
729 1777 801 1815 clemen·

67 1837 102 1870 tem
115 1843 134 1871 se
146 1831 227 1882 praebeat
240 1845 281 1884 erga
295 1844 361 1872 ornnem
375 1838 470 1871 creaturam
483 1843 536 1872 suain.

68 1966 102 2005 XX.
128 1968 191 2006 Peneon
208 1973 224 2006 et
242 1969 352 2007 concordiam
369 1968 431 2006 allen
450 1969 516 2011 ornari,
536 1967 629 2005 torinneio
646 1968 708 2006 monadi
725 1973 741 2006 et
759 1970 802 2007 ordo

137 2040 213 2075 naturae
227 2038 343 2081 oaaoaanot;
360 2037 407 2074 narde
420 2036 475 2074 tnttlto
488 2036 536 2074 nobis
550 2036 632 2084 adducent
646 2036 734 2086 bertedeld.

122 2126 179 2173 Coeli,
197 2125 320 2176 gubernatione
338 2126 376 2164 eiras
395 2126 483 2173 commoti,
503 2126 521 2164 in
539 2137 581 2176 paee
596 2126 612 2164 ei
626 2126 748 2176 subiteiuntur3
767 2128 804 2167 dios

70 2183 121 2220 etiem
134 2188 152 2220 et
164 2194 198 2221 nou
215 2181 262 2220 nullo
275 2183 308 2220 sibi
321 2183 392 2221 invicem
405 2182 526 2232 incpedimento
541 2184 652 2221 constitutum
666 2183 687 2221 ab
701 2196 721 2222 eo
735 2195 804 2223 cursum

70 2239 164 2277 absolvunt.
191 2238 220 2276 Sol
234 2239 302 2276 etluna
331 2244 349 2276 et
366 2240 442 2276 siderum
462 2239 511 2276 clrori
538 2239 634 2277 secundom
654 2241 690 2277 eius
707 2241 805 2278 mandatum

71 2295 107 2331 sine
124 2295 159 2331 ullo
178 2305 237 2331 errore
260 2295 276 2331 in
295 2296 388 2332 noricordia
412 2295 445 2331 sibi
463 2296 563 2332 constitutas
581 2296 703 2344 dispositiones
722 2296 805 2334 evolvunt.

71 2351 124 2388 'lerna
138 2349 206 2399 gravida
220 2350 313 2388 secundum
328 2351 365 2389 eius
378 2351 481 2389 voluntatem
493 2351 528 2388 suis
538 2352 644 2402 temporibus
651 2351 754 2399 hominibus,
763 2352 805 2390 ieris

72 2411 89 2443 et
103 2405 182 2443 omnibus
203 2417 246 2454 quac
259 2418 311 2456 super
325 2419 360 2445 eam
374 2414 415 2445 sunt
433 2407 546 2445 animantibus
569 2408 667 2446 aliurentum
685 2409 703 2446 in
719 2408 804 2446 abnndan-

72 2491 203 2498 μ...

103 2539 119 2578 4]
130 2538 152 2571 lt
160 2547 200 2570 nom
206 2536 269 2580 respicit
275 2536 380 2578 praecedentis
387 2536 429 2570 uerbi
482 2536 498 2580 S)
511 2538 608 2572 Harmoniam
621 2537 672 2571 narrrrdi
687 2536 706 2577 (o.
718 2535 749 2577 20.)
760 2535 804 2569 insti·

73 2581 160 2628 ἐποίησεν,
173 2583 197 2627 qni
210 2588 232 2615 ost
245 2581 292 2620 Θεὸς.
451 2590 502 2626 tineam,
517 2584 604 2618 clementem
618 2594 634 2616 se
644 2582 706 2625 praehet
717 2582 756 2615 Deus
769 2592 804 2624 erga

105 2631 121 2673 b)
132 2629 187 2664 Imitari
202 2628 261 2662 uidemr
275 2633 352 2663 anctorom
367 2629 395 2672 Ep.
410 2629 429 2662 ad
452 2641 511 2664 omnem
523 2635 609 2664 creatmarn.
624 2629 640 2661 II.

74 2677 157 2717 mbr-12³
171 2677 184 2710 3·
483 2687 554 2729 CapXX.
575 2686 589 2725 l)
602 2686 628 2717 ms.
640 2684 685 2715 babet
700 2684 804 2728 πανπληθῆ.

106 2733 123 2776 d}
135 2732 218 2775 Partieipos
230 2730 311 2774 πράξεων
322 2742 381 2773 samua,
395 2733 430 2774 qnia
451 2733 494 2774 dpnd
505 2733 541 2765 LXX
555 2736 569 2763 et
580 2729 665 2770 Scriptores
679 2729 806 2765 alexandrinusc

75 2789 126 2813 aarum
137 2779 224 2813 memoriam
236 2777 279 2810 nobis
287 2778 340 2820 prodit
352 2779 366 2811 S.
377 2778 430 2821 Scrip-
451 2789 496 2820 saepe
504 2788 533 2810 non
543 2774 642 2817 colliquescit,
650 2774 678 2808 sed
685 2775 764 2810 retinetur.
775 2777 806 2810 Ion.

75 2831 112 2860 lura.
128 2826 165 2860 lion
452 2824 508 2857 Eadem
515 2820 591 2854 scribendi
598 2821 637 2853 ratio
644 2820 685 2854 lrand
692 2832 728 2856 raro
736 2822 752 2855 in
758 2822 806 2855 Codd.

106 2872 123 2915 l)
135 2873 217 2905 Teneamus
233 2879 285 2912 pacem
304 2880 351 2912 aeque
368 2870 431 2910 firmam,
452 2866 551 2901 Laurentiano
559 2871 574 2898 et
581 2865 683 2908 Casanatensi,
690 2868 716 2910 qui
722 2868 807 2901 breviorem

76 2926 93 2949 ac
106 2928 124 2951 ea
135 2917 150 2951 in
161 2927 211 2951 rerunt
222 2919 275 2949 natura
285 2919 348 2949 tenetur,
360 2915 378 2948 II.
452 2914 490 2956 pr¹
502 2910 553 2954 Ignatii
564 2911 669 2946 recensionem
681 2913 755 2948 exhibent.

656 2968 677 3002 5⁹1
