1793 3076
168 45 247 88 IGNETH
259 46 360 85 EPISTULA
373 48 400 85 tn
414 47 520 86 EPHESIOS.
537 48 556 86 ll.
569 47 595 84 Xl.
610 46 644 84 llll.
737 41 772 83 131

38 156 99 203 oorrati,
113 156 174 196 tratres
189 171 248 198 eorum
261 161 367 199 inveniamur
379 172 411 210 per
424 160 550 211 benignitatem,
564 161 658 199 imitatores
674 163 729 197 autem
740 158 771 196 Do·

37 213 78 251 naini
92 212 190 254 studeamus
204 227 252 264 esse,
271 217 336 255 etiamsi
351 217 389 266 qais
403 216 461 266 plures
475 218 545 255 ininrias
558 229 619 267 passus
633 217 695 264 luerit,
712 216 771 267 plures

38 282 95 308 reramr
109 282 177 310 suarum
191 274 276 319 iacturas,
290 275 364 311 maiores
380 277 492 322 contemptus,
506 286 527 311 ne
541 274 594 311 herha
608 274 663 323 aliqua
677 274 739 312 diaboli
754 274 771 311 in

37 327 85 365 nohis
99 328 202 376 inveniatur3
223 330 283 367 sedin
297 330 343 367 orrrni
356 330 430 379 puritate
444 334 461 366 et
473 330 585 379 temperantia
596 331 687 377 innitentis,
701 331 719 368 in
732 330 771 368 lesu

39 384 111 432 Christo,
126 386 217 424 carnaliter
231 390 248 423 et
262 386 377 435 spiritualiter.

38 475 70 512 tari
83 475 176 513 studentes.
203 476 270 513 Fratres
288 488 348 513 eornm
362 477 465 515 inveniamur
480 477 591 526 benignitate:
611 475 705 513 imitatores
718 482 773 514 autem

39 531 105 569 honrini
119 544 157 570 esse
171 532 268 571 studeamus
283 528 328 582 (apris
342 533 401 583 plures
415 535 495 581 iniurias,
513 534 550 583 quis
564 544 621 570 rerum
639 544 708 570 suarum
721 533 771 571 iaetu·

39 600 81 633 ram,
96 589 133 636 quis
147 595 249 625 contemtum
263 588 366 640 perleratl),
381 603 402 627 ne
417 592 463 639 quod
477 591 539 627 diaboli
553 600 623 638 germen
636 589 653 625 in
666 590 715 625 vohis
729 591 773 626 inve-

40 644 105 689 niatur,
125 645 156 681 sed
170 645 187 680 in
202 645 247 681 omni
261 645 334 694 puritate
354 651 371 682 et
384 648 495 696 temperantia
509 649 606 696 permanete
620 645 637 681 in
651 645 690 682 lesn
705 646 772 682 Christo

40 704 56 737 et
71 700 183 749 corporaliter
197 705 213 738 et
227 700 344 750 spiritualiter.

40 801 67 837 El·
93 803 193 841 Nouissima
206 804 242 841 iarn
255 808 295 840 sarit
309 810 396 853 temporo5
411 806 501 842 tirnearaas
514 805 618 848 Dominam·
638 808 686 842 orate
697 816 730 853 pro
743 816 774 841 aare.

93 884 177 932 Tempora
191 887 230 920 sunt
244 883 344 928 novissinra3
364 888 439 920 aeterum
456 884 570 933 poenitentiae
588 887 667 919 vacantes
685 885 774 921 timeamus

41 941 70 977 llei
83 940 232 989 longanimitatem,
247 951 268 976 ne
282 940 299 976 in
314 940 396 977 iudieinm
409 941 460 978 nohis
469 941 523 978 aedat.
540 941 574 976 hut
583 940 627 977 eninr
635 939 708 977 lutnram
717 942 774 978 timea-

41 1007 78 1033 inus
93 996 139 1042 iram,
155 1000 182 1033 aut
195 1000 302 1046 praesentem
316 996 387 1046 gratiam
401 997 498 1046 diligamns3
515 1007 567 1033 nnmn
585 1006 606 1032 er
625 996 697 1035 duobus,
724 997 774 1034 llodo

42 1053 57 1090 in
72 1051 139 1089 Christo
154 1052 193 1090 lesu
206 1052 311 1089 inveniamur
330 1053 351 1090 ad
364 1064 421 1090 veram
434 1053 484 1090 vitam
496 1053 589 1091 visendam.
617 1050 657 1089 Sine
674 1052 712 1102 ipso
733 1052 775 1090 rrihil

41 1121 71 1146 uos
86 1110 149 1155 deceat,
163 1110 179 1146 in
195 1120 228 1158 qno
243 1109 308 1146 vineola
322 1110 424 1146 eirenmlero
442 1110 539 1159 spirituales
553 1109 662 1158 margaritas,
681 1110 697 1146 in
713 1110 774 1158 quihus

42 1177 133 1215 resurgere
145 1165 187 1202 mihi
200 1166 287 1215 eorrtingat
305 1165 381 1203 oratione
394 1171 459 1213 restra,
481 1166 528 1204 errius
546 1177 573 1203 me
594 1170 633 1215 opto
653 1177 722 1215 semper
736 1165 773 1204 lieri

43 1223 149 1272 participem,
158 1226 177 1260 ut
190 1222 266 1260 inveniar
279 1222 297 1259 in
307 1227 353 1261 sorte
367 1222 480 1272 Ephesiorum
486 1223 625 1269 Christianorum,
640 1222 668 1272 qui
678 1227 695 1260 et
703 1223 773 1272 dposto·

43 1279 62 1316 lis
76 1291 144 1328 semper
158 1285 282 1316 consenserunt
294 1279 311 1315 in
324 1279 386 1316 virtute
399 1279 439 1316 Iesu
453 1280 521 1319 Christi.

94 1353 125 1397 *t
153 1358 232 1397 Ceterum
241 1362 317 1409 tempora
330 1365 370 1397 saint
383 1359 484 1406 rrovissima3
498 1371 607 1398 revereamur
620 1364 637 1397 et
648 1358 737 1397 timeamus
747 1358 776 1397 llei

43 1417 192 1465 longanimitatem,
206 1426 227 1452 ne
236 1416 285 1453 nohis
300 1416 329 1454 liat
342 1416 359 1452 in
373 1417 460 1454 iuditium.
488 1418 520 1454 hut
534 1418 579 1454 enim
592 1417 665 1453 laturam
680 1416 776 1453 tirnehimus

43 1474 95 1519 irum,
116 1476 144 1509 ant
161 1476 269 1522 praesentem
287 1473 358 1522 gratiam
371 1472 468 1510 amabimus.
495 1472 549 1510 Urnnn
563 1472 649 1510 dundaxat
667 1483 687 1509 ex
704 1471 776 1515 (luobus,

43 1534 61 1565 nt
73 1529 90 1566 in
105 1529 143 1566 lesu
158 1528 225 1566 Christo
239 1529 260 1566 nd
274 1541 330 1566 verum
348 1530 398 1567 uitam
417 1529 524 1566 obtinendam
543 1530 653 1566 irmeniamur.
680 1528 720 1565 Sine
738 1529 776 1578 ipso

43 1585 85 1622 nihil
100 1585 164 1623 deceat.
191 1585 209 1622 ln
224 1596 256 1634 [pero
274 1585 340 1624 vineula
359 1586 460 1623 oiremnlero
474 1586 558 1635 spiritales
576 1585 680 1635 rnargaritas.
708 1584 725 1622 ln
741 1584 776 1635 qni·

43 1642 75 1678 hus
88 1642 129 1678 mihi
143 1653 234 1690 resurgere
249 1642 335 1690 contingat
348 1643 409 1679 vestris
423 1642 595 1691 p1·eeibus,·qnarnm
608 1642 649 1678 mihi
663 1653 777 1690 semperpar·

44 1697 111 1746 tieipem
126 1709 164 1734 esse
177 1697 232 1742 lineat,
246 1702 265 1733 ut
277 1697 353 1734 inveniar
366 1699 383 1734 irr
397 1703 444 1734 sorte
453 1698 577 1747 Ephesinornnr
591 1697 734 1733 Christianorum:
748 1696 777 1746 qni

44 1758 61 1789 et
74 1754 106 1791 iam
120 1754 207 1802 apostatis
221 1765 289 1803 semper
302 1754 419 1802 praebuerunt
432 1766 520 1791 assensum
534 1755 551 1791 in
564 1753 625 1790 virtute
639 1753 678 1790 lesu
692 1752 759 1789 Christi.

183 1843 217 1881 tlt.
244 1844 292 1881 Laos
305 1844 422 1893 Epltesiororn.
449 1845 553 1892 Martyrium
565 1844 638 1880 trasturas.

97 1922 142 1969 Soio,
157 1922 194 1971 quis
208 1922 240 1959 sim
254 1927 271 1959 ot
284 1922 345 1971 rprihns
360 1911 448 1960 sarthan]
464 1923 499 1972 Ego
518 1923 650 1966 condolendus,
668 1932 698 1958 vos
712 1921 777 1958 miseri·

46 1979 121 2016 eordianr
135 1980 219 2025 asseonti3
235 1990 266 2028 ego
281 1980 357 2028 perionlo
373 1979 461 2026 obnoxius,
476 1992 506 2017 reos
516 1978 616 2016 confirmati.
638 1977 725 2015 Transitus
737 1978 778 2015 estis

48 2047 113 2082 eorum,
129 2036 157 2085 apri
172 2037 194 2073 ita
209 2035 338 2082 interficiuntur,
352 2042 371 2073 ut
384 2037 404 2073 ad
418 2037 470 2073 llenrn
482 2036 559 2081 nutriant,
572 2034 619 2072 raah
628 2038 735 2083 sprrnnpstae,
750 2035 779 2082 qui

98 2109 145 2151 *ΧΠ
172 2114 211 2152 Soio
226 2115 263 2163 quis
278 2127 324 2158 suni,
340 2120 356 2152 et
370 2115 431 2163 paribus
446 2113 508 2151 soriho.
534 2114 570 2163 Ego
584 2113 635 2150 retorti
649 2112 736 2158 addictus,
749 2124 779 2149 vos

47 2170 181 2208 inisericordiam
196 2170 292 2208 eonseenti:
309 2181 340 2220 ego
354 2170 431 2219 periculo
446 2170 537 2215 onerosius,
557 2179 587 2206 vos
602 2167 672 2205 firmati:
690 2168 777 2205 Transitns

47 2227 68 2264 ad
81 2227 133 2265 Deum
148 2223 241 2277 [abreptis]
256 2232 302 2276 patet
316 2224 357 2276 [per
370 2224 414 2274 aas]
428 2226 475 2264 Pauli
489 2226 604 2276 Symmpstas,
619 2225 648 2273 qui
662 2224 778 2262 sarretlfieatus

79 2336 95 2380 2]
107 2338 126 2369 Ut
137 2341 179 2370 antea
191 2331 344 2380 παροδεύσαντα,
360 2341 375 2368 ot
388 2335 403 2368 in
426 2336 453 2368 llos
464 2337 480 2368 in
492 2336 558 2377 Epheso,
572 2344 599 2376 per
610 2343 653 2377 patant
666 2337 742 2366 transeunt
752 2334 781 2373 illi,

47 2382 95 2424 Epist.
106 2383 174 2416 adllom.
185 2391 237 2415 uersus
248 2382 297 2423 linem,
310 2382 329 2422 (e.
339 2382 360 2424 a.)
372 2379 404 2426 οὐχ
425 2383 451 2424 pai
465 2384 481 2415 iu
497 2382 554 2414 Oriente
569 2380 661 2412 eorrdenmati
674 2379 733 2412 ltouaona
746 2382 781 2412 ratit-

48 2424 217 2476 oierrnpodedoranr.
241 2423 404 2472 Hespahius2Hclpo·
425 2431 480 2461 tandm.
493 2427 563 2460 Pearsorr.
585 2425 613 2457 Hie
627 2424 670 2457 lours
684 2424 780 2466 explicandus

49 2471 86 2512 doe·
98 2470 184 2518 desipuere
204 2473 280 2515 Ephesum
291 2474 367 2516 petebant,
379 2473 404 2516 qni
426 2478 449 2506 est
463 2474 525 2506 ardet.
541 2472 593 2514 apost.
608 2471 635 2511 20,
652 2470 675 2503 ld.
702 2470 780 2502 dlorlrtrnd.

49 2529 65 2551 en
72 2520 132 2552 Oriente
140 2520 169 2552 iter
177 2530 229 2552 versus
236 2520 404 2552 Romaminstltnehnnt.
426 2520 495 2551 Forsitan
510 2514 606 2564 Hclpadpor.
623 2517 666 2558 Toup.
687 2515 716 2548 Clr.
730 2514 780 2548 lCor.

48 2564 89 2597 Haeo
100 2576 130 2598 non
145 2564 218 2597 intellexit
229 2564 338 2607 interpolatam
354 2564 404 2606 itaque
427 2565 451 2606 to,
463 2565 478 2597 l.
496 2562 521 2598 Οὐ
538 2563 585 2596 θέλω
599 2560 633 2609 γὰρ
647 2560 693 2607 ὑμᾶς
709 2557 749 2606 ic'pu
762 2558 781 2593 ἰν

48 2611 114 2645 reddidit
134 2608 244 2656 acapradodar‘e
261 2621 281 2655 pe
301 2608 343 2655 apd,
362 2607 405 2643 aare
427 2606 501 2657 παρόδῳ
514 2607 564 2645 ἰδεῖν.

50 2658 85 2692 τῶν
96 2654 126 2691 did
133 2654 213 2702 Χριστὸν
221 2653 353 2703 ἀναιρουμένων
360 2652 406 2698 [ἐλά-

46 2704 124 2745 χιστος]
143 2712 188 2736 sensu
206 2702 251 2745 plane
269 2703 317 2734 nullo.
344 2703 360 2734 ln
379 2703 405 2734 hs.

49 2747 130 2789 rlnglienno
137 2745 248 2795 nrtpradoder'c
258 2757 278 2791 γε
286 2749 326 2788 τῶν,
333 2752 348 2779 et
353 2747 368 2779 in
373 2747 406 2779 llsti

50 2794 116 2833 margine
125 2791 208 2838 περίοδός
219 2791 259 2825 ἔστε
270 2794 312 2825 ταῖν.
328 2793 406 2823 Sedvetns

51 2836 101 2870 Codex
114 2844 155 2871 recte
170 2839 229 2871 erhihet
243 2832 329 2882 πάροδος,
344 2847 406 2879 eamque

50 2890 101 2915 nocem
115 2884 191 2926 interpres
207 2882 279 2925 agnoseit.
307 2882 364 2915 Sensus
380 2886 407 2922 est,
460 2880 476 2924 l)
489 2877 644 2925 dyanopedrouCL.

633 2934 654 2969 ,a

459 2679 475 2722 3)
488 2667 607 2720 Otii-participes
619 2674 654 2707 laeti
669 2674 705 2707 estis
716 2675 783 2717 hlpsterii

428 2775 443 2802 ot
458 2770 476 2802 ad
490 2768 564 2810 Ephesios
579 2765 661 2806 prneeipne
676 2766 753 2808 explicati,
767 2771 783 2798 ut

427 2814 460 2857 ipse
472 2814 536 2855 euphrae
546 2812 591 2853 Epes.
603 2810 617 2850 3,
629 2812 643 2843 t.
657 2811 726 2845 Paulson.

428 2725 443 2757 S.
455 2724 505 2764 Pauli,
518 2734 526 2755 a
537 2721 600 2757 Domino
615 2719 700 2753 immediate
716 2721 783 2761 revelati,
827 2739 830 2744 ·
