1793 3076
351 41 453 82 ranarius.
515 96 517 99 Ι
717 37 766 77 xxu

34 156 104 192 uturum
111 161 164 202 apuam
172 149 202 190 hic
212 155 245 199 est,
255 149 353 190 editionem
362 154 451 202 exoptem,
464 155 484 190 ut
493 150 538 191 nihil
547 163 605 204 supra.
631 149 694 202 ltaque
701 147 768 188 librum

35 217 89 261 quam
101 205 152 258 potui
172 204 309 258 diligentissime
322 204 386 257 relegi,
405 209 423 244 et
439 217 479 245 06111
493 206 622 259 exemplaribus
635 203 706 246 Latinis
723 216 768 244 con-

35 263 72 313 tuh,
85 266 106 302 ut
118 274 169 302 aneae
183 275 212 302 me
225 274 290 315 operae
303 261 351 301 haud
364 260 461 314 poeniteat.
487 262 533 302 Nam
545 263 584 303 loca
593 261 680 317 quaedam
694 274 715 302 ea
729 261 768 302 cul-

34 318 109 367 latiune,
123 323 141 358 et
155 316 256 357 doctissimi
269 316 350 357 hortinis
364 316 440 357 cunsihu
454 317 478 355 ita
491 317 536 356 mihi
549 317 650 359 restituisse
662 318 735 367 uideor,
748 321 768 358 ut

34 374 126 417 nerninem
143 372 220 414 arbitrer
239 372 333 414 huminem
351 385 391 414 esse
408 371 486 422 bumun,
504 372 535 426 qui
549 372 564 414 si
578 373 619 414 velit
636 387 692 429 aequo
706 374 767 416 animo

35 444 74 473 rem
91 430 212 484 perpendere,
229 429 278 470 haud
294 430 370 470 fateatur
387 430 409 470 ad
426 428 561 481 intelligentiam
579 442 617 469 non
633 443 688 481 pauca
705 432 768 472 collata

35 489 91 529 esse.“
117 486 221 527 Andreas
240 485 360 527 Gesnerus
378 486 450 527 easdem
468 484 564 526 duodecim
583 485 628 538 Epp.
644 498 707 538 graece
727 500 768 527 cum

35 543 108 584 loannis
121 542 211 582 Brunneri
224 542 374 595 interpretatione
386 542 441 582 latina
454 555 475 582 ex
489 541 555 592 Codice
564 541 686 581 Bibliothecae
694 541 770 594 Gaspari

35 613 45 640 a
58 598 154 651 diprpch
167 598 278 638 excirdendas
292 598 359 639 curavit
372 597 434 649 'liguri
445 597 508 645 1559,
522 597 598 650 primus,
610 596 638 637 uti
653 596 692 648 ipse
705 598 769 650 opina·-

36 655 95 704 hatur,
114 666 155 694 cum
168 653 231 693 Pauaei
245 653 343 694 editionem
361 653 458 707 ignoraret.
484 652 552 691 Earum
566 656 635 706 septem
653 650 770 705 interpolatae

36 711 128 760 dicamur,
147 710 226 763 qidnque
244 709 374 762 supposititiae.
405 709 492 750 Eiusdem
510 708 623 749 recensionis
637 713 687 748 sunt:
709 707 770 749 Sancti

36 766 120 820 llartgris
137 765 201 819 Ignatii
218 765 324 806 Antiochiae
337 764 475 818 Archiepiscupi
487 765 579 818 Epistulae
597 762 646 818 (llll)
664 777 690 816 gr.
704 769 723 805 et
734 764 769 814 lat,

36 823 148 876 Antverpiae,
162 836 183 863 ex
196 822 268 862 officina
282 822 411 875 Christuphuri
420 821 498 862 Plautini
509 822 569 871 15663
579 844 604 850 —-
614 821 674 861 Sancti
688 820 771 874 blartpis

36 879 105 932 Ignatii,
118 878 225 920 Antiochiae
237 878 375 931 Archiepiscopi
383 878 480 931 Epistulae.
506 878 558 920 Nuuc
571 878 644 919 demum
657 890 699 918 curn
708 876 772 918 Latina

36 936 185 989 interpretatione
198 948 208 976 e
221 935 295 988 regione
305 935 379 976 Graecis
392 934 480 988 apposita,
493 934 512 975 in
525 935 584 975 lucem
594 933 656 984 editae,
670 933 772 988 recognitae

37 997 55 1031 et
72 992 125 1033 Notis
141 992 245 1032 illustratae.
277 992 312 1031 Per
331 991 463 1031 blartialem
486 991 651 1040 blaestraeum,
674 991 773 1030 Ductorem

37 1047 156 1100 Theologum.
182 1046 258 1088 Parisiis
272 1046 331 1098 1668,
345 1070 370 1075 -
382 1046 416 1087 Ed.
429 1046 472 1088 lac.
485 1046 581 1087 Usserii
592 1059 619 1100 gr.
632 1050 650 1087 et
662 1045 693 1087 lat.
706 1044 772 1087 Osonii

39 1104 94 1145 tutu.
120 1104 203 1157 Quinque
211 1103 302 1144 consuluit
315 1103 359 1144 Cdd.
367 1103 415 1153 llss,
429 1103 526 1157 dequibus
539 1103 578 1156 ipse
592 1103 611 1142 in
620 1101 771 1143 Arlnotatiunibus

37 1173 54 1213 p.
67 1161 85 1200 4.
129 1160 241 1200 Oxurrienses
253 1160 298 1200 aluus
312 1160 356 1200 blss.
370 1157 514 1212 (uetustioreme
526 1159 638 1208 Baliuleusis,
651 1159 772 1200 recentiorem

39 1230 49 1256 6
62 1216 204 1270 hlagdaleuensis
219 1216 294 1269 Collegii
311 1215 423 1256 Bibliotheca
435 1215 520 1271 petitum)
539 1228 580 1256 cum
592 1214 644 1256 libris
663 1215 717 1256 editis
730 1214 771 1267 666-

38 1278 100 1324 genter
114 1272 187 1313 contuli.
213 1272 237 1312 Et
250 1285 291 1312 cum
304 1272 432 1312 intellexissem
445 1272 465 1312 in
473 1272 518 1312 Eibl.
531 1272 551 1312 bl.
565 1271 591 1312 ct
599 1271 694 1311 Alexandri
706 1270 775 1311 Patavii

38 1328 131 1369 Senaturis
144 1328 210 1378 Paris,
227 1327 277 1369 Pauli
290 1327 328 1378 lilii,
341 1327 485 1369 vetustissimum
498 1327 587 1381 exemplar
601 1327 649 1368 aliud
662 1325 774 1368 conservari:

39 1385 124 1439 quicquid
142 1391 161 1426 et
177 1385 220 1426 illud
238 1384 349 1435 continebat,
367 1384 492 1425 humanissimi
510 1384 571 1426 Claud.
590 1383 667 1425 Sarrauii
681 1382 774 1425 Senaturis

40 1441 102 1481 itidem
110 1442 166 1482 Paris.
174 1441 282 1481 lreueticiunr
291 1453 331 1481 sum
340 1445 429 1481 secutus...
443 1441 489 1480 Huic
498 1445 515 1481 et
521 1440 775 1492 uetereminterpretationem

39 1495 100 1547 aliam,
117 1496 209 1550 hucusque
227 1496 321 1546 ineditam,
337 1499 399 1537 mutua
415 1496 492 1537 duorum
509 1495 556 1536 bles.
574 1494 661 1536 Codicum
680 1494 775 1536 collatione

39 1553 180 1594 errrendatiurum
192 1554 258 1594 factam
271 1553 359 1593 subiunxi.
737 1588 740 1593 .

91 1609 187 1649 lsaacus
205 1609 305 1650 Vossius
325 1622 346 1648 ex
359 1609 426 1649 Codice
443 1609 524 1649 blediceu
539 1610 550 1649 7
563 1609 609 1649 Plut.
623 1609 670 1649 LVII
687 1621 718 1648 sex
730 1607 773 1647 bre-

39 1664 99 1705 viores
113 1665 177 1717 Ignatii
190 1665 282 1718 Epistulas
296 1662 326 1716 (ad
340 1664 458 1716 Smyrnaeus,
475 1665 603 1718 Polycarpum,
618 1664 718 1717 Ephesios,
736 1663 775 1704 bla-

40 1720 122 1771 gnesius,
140 1720 295 1774 Philadelphicos,
311 1719 418 1771 Trallesius)
432 1720 503 1774 primus
516 1734 580 1773 graece
594 1720 650 1761 edidit
663 1733 704 1761 curn
718 1719 775 1760 inter-

40 1777 141 1828 pretatione
158 1782 219 1818 vetere
238 1776 293 1817 latina
311 1789 359 1816 novo
376 1776 432 1816 textui
450 1777 579 1830 respondenti,
600 1790 654 1830 quam
673 1775 775 1817 lacobus

40 1831 161 1882 Usserius,
183 1832 335 1885 Archiepiscupus
358 1831 482 1873 Armachanus
501 1846 511 1873 6
533 1832 603 1873 duobus
624 1833 667 1874 llss,
687 1846 703 1873 a.
725 1832 775 1873 1644

41 1888 106 1929 Oxorrii
121 1888 246 1941 prublicaverat.
272 1888 372 1941 Epistulam
385 1888 408 1929 ad
420 1889 520 1939 Romanos,
540 1902 585 1942 [puae
598 1889 617 1929 in
630 1902 695 1942 graecu
709 1887 776 1930 Codice

42 1944 107 1994 deerat,
120 1945 195 1986 Vossius
213 1957 235 1986 ex
247 1944 317 1985 Usserii
329 1948 389 1985 vetere
406 1945 461 1985 latina
474 1945 557 1986 versione
570 1950 588 1986 et
601 1944 696 1998 prohxiori
713 1956 777 1998 graeca

42 2000 148 2041 recensione
161 2001 233 2054 iugenio
248 2001 292 2041 6606
308 2000 404 2041 restituere
420 2001 505 2052 tentavit,
523 2008 541 2042 et
554 2014 569 2042 a.
584 2002 634 2042 1646
647 1999 777 2042 Amsteludami

43 2057 108 2098 edidit:
126 2058 229 2110 „Epistulae
248 2057 335 2109 genuinae
353 2057 371 2098 S.
386 2058 450 2110 Ignatii
464 2059 557 2111 blartpis,
577 2071 621 2111 quiae
635 2071 683 2099 nunc
696 2058 777 2111 priunum

42 2111 102 2153 lucem
114 2113 176 2154 vident
190 2126 211 2154 ex
223 2113 332 2154 bibliotheca
340 2112 450 2154 Florentino.
476 2114 572 2155 Adduntur
580 2115 598 2154 S.
608 2113 673 2168 Ignatii
680 2113 777 2168 Epistulae,

44 2169 104 2221 quales
117 2170 170 2223 tudgo
180 2170 336 2211 circumferuntur.
361 2171 390 2211 Ad
403 2171 448 2211 haec
457 2172 474 2211 S.
483 2171 575 2211 Barnabae
583 2171 669 2224 Epistula.
695 2170 778 2211 Accessit

45 2224 132 2275 universis
145 2226 239 2266 translatio
252 2227 320 2266 retus.“
345 2226 428 2279 Ambigu,
441 2227 547 2280 utri'gloria
558 2227 654 2267 tribuenda
667 2227 695 2276 sit,
708 2226 728 2266 iu
736 2226 777 2266 'Cu-

44 2279 84 2320 dice
97 2280 177 2323 66666060
191 2280 293 2323 breuiorem
306 2281 432 2324 recensionem
446 2283 542 2333 detexisse,
560 2283 619 2324 Lucae
633 2282 738 2332 Hulsteniu,
755 2294 778 2323 an

44 2335 105 2377 lsaacu
122 2338 193 2379 vossio.
219 2339 251 2379 llle
268 2339 334 2393 quippe
353 2344 394 2380 aute
411 2340 495 2380 Vossium
513 2353 553 2381 earn
566 2339 685 2394 descripsisse
703 2339 778 2389 videtm,

45 2396 63 2431 et
76 2392 130 2434 latine
143 2395 202 2436 uertit.
228 2396 250 2436 ln
262 2395 374 2437 Bibliotheca
386 2396 514 2438 Barberiniana
526 2398 594 2438 Romae
608 2396 739 2449 autographum
751 2395 778 2436 vi-

46 2446 88 2488 dere
108 2454 141 2491 est.
168 2451 333 2493 Theudoricus
350 2452 480 2493 Ruinartus
498 2453 571 2493 tamlem
587 2453 688 2506 Epistulam
705 2451 727 2491 ad
740 2451 777 2490 Ru-

45 2515 109 2566 manos
122 2519 186 2559 graece
195 2507 263 2549 invenit
275 2508 341 2550 latinae
353 2508 410 2549 veteri
421 2509 501 2550 versioni
513 2509 658 2564 respondentem,
670 2507 720 2548 Actis
734 2518 779 2560 quae

46 2571 126 2601 sincerae
143 2563 227 2604 dicuutuu
242 2564 307 2617 Ignatii
325 2564 406 2617 blartgrii
421 2564 517 2616 insertam,
539 2579 583 2620 quae
601 2563 727 2605 Codexllb1
747 2562 779 2602 Bi-

45 2613 146 2660 bliuthecoe
162 2619 228 2673 Regiae
245 2621 338 2662 Parisinae
355 2619 413 2674 (prius
432 2622 476 2663 Cod.
494 2622 607 2663 Culbertinus
626 2618 672 2672 466)
694 2618 780 2668 continet,

46 2684 121 2726 eamque
135 2676 184 2716 1689
197 2676 272 2718 Parisiis
286 2677 305 2719 in
317 2678 379 2726 „Actis
392 2677 490 2731 blartpuuu
504 2678 590 2718 66106166ιι
601 2676 671 2729 primus
685 2676 747 2717 edidit.

98 2728 153 2772 Iudex
173 2731 273 2773 editionum
293 2733 390 2774 brevioris
402 2734 515 2774 recensionis
538 2737 594 2773 exstat
616 2745 643 2786 ap.
661 2732 781 2773 lacubsonum

47 2781 89 2833 (ΡΡ.
102 2785 156 2840 App.)
170 2801 187 2841 p.
198 2788 258 2829 LXIX,
285 2791 364 2839 Quarum
377 2790 518 2843 praestantiores
532 2793 578 2838 stunt,
593 2801 638 2843 quae
652 2789 696 2830 duce
710 2790 781 2830 Thema

47 2838 124 2882 Sinithiu
133 2840 206 2895 (Oxunii
218 2844 282 2897 1709),
292 2851 336 2899 pust
345 2859 387 2887 eum
396 2846 506 2887 adornarunt
514 2845 528 2885 l.
537 2845 557 2886 L.
565 2846 611 2899 Frep
619 2843 708 2899 (Basileae
717 2846 740 2888 rt
756 2844 780 2900 1),
