1793 3076
248 78 308 116 tuone
323 80 393 118 lllillUN
410 78 595 117 [intentionaliter.

77 181 123 216 modo
134 185 243 220 contentionem
259 187 277 221 de
288 187 378 221 sacerdotali
390 188 413 220 44-

77 227 140 267 gnitate'
152 230 227 263 sedaverit
246 233 271 265 88.
298 234 347 265 Nosce
368 238 413 275 typus

78 270 132 304 Christi
144 278 158 306 ct
170 275 218 307 444444
229 275 249 309 28
259 286 282 320 sq.

57 316 83 348 Nu
88 326 97 348 4
102 316 121 348 44
128 322 169 350 trans
177 320 250 355 Oceanum
257 321 408 364 impermeabilemliS

57 361 161 396 llaraeuac
172 375 206 398 esus
217 366 276 400 1444444
288 367 340 401 4444444
352 368 377 401 22.

58 406 156 447 lipsteria.
175 410 209 443 'iria
220 413 290 454 rrrpsteria
302 389 423 447 tramandatoci

56 517 134 550 Natalis
149 522 215 563 rurnrtprii
231 523 310 565 Polycarpi
327 524 358 556 dies
374 524 414 557 ccle-

76 561 142 596 hraudus
153 565 189 600 464.

56 609 211 649 Negotiationes
224 614 307 647 4444444444
320 615 356 647 412.
368 615 403 648 526.

56 653 142 695 Nicetes,
164 661 207 698 pater
231 659 296 692 Herodis
325 659 414 693 lrenarchoe

77 700 159 735 366462,
349 722 351 726 -

56 742 149 777 Nicolaus
161 751 176 778 et
188 747 304 781 Nicolaitae
315 749 350 784 238.

56 786 94 822 Noe
115 791 222 831 poeniteutiam
241 794 333 835 praedicarit
351 795 379 837 543
399 800 413 829 et

76 835 132 868 4444444
144 837 272 878 ingenerationem
283 839 309 875 56.

56 878 137 922 Nuptiae
149 882 167 915 de
179 884 251 917 4444444444
263 885 331 927 episcopi
341 886 385 927 fiant,
396 891 413 919 ut

76 927 158 960 secuudum
168 928 247 962 Nominum
257 929 295 970 siut,
312 942 342 964 non
358 941 412 964 secun-

77 971 112 1003 dum
130 972 226 1014 cupiditatem
241 975 276 1008 262.
302 976 366 1018 Nuptiae
382 987 412 1009 uon

76 1016 152 1051 iterandae
163 1023 197 1051 sunt
211 1020 273 1062 coniuge
284 1022 365 1063 superstite
376 1022 411 1056 448.

76 1061 139 1103 Nuptiae
158 1065 232 1097 secundae
250 1070 285 1098 sunt
302 1066 352 1099 licitae
372 1067 412 1109 4523

76 1106 103 1139 sed
115 1107 140 1149 qui
151 1117 179 1149 per
189 1118 206 1142 44
217 1111 292 1151 uranserit,
304 1121 372 1152 magnum
383 1112 412 1145 sibi

77 1151 151 1195 conquirit
158 1153 235 1187 honorem
246 1156 286 1197 apud
291 1155 370 1190 Nominum
377 1158 412 1190 ibid.

56 1196 171 1231 Nuurisrnata
183 1200 221 1241 444,
233 1200 295 1233 alterum
306 1201 338 1241 Del,
350 1201 412 1236 alterum

78 1243 128 1276 nuurrdi
142 1243 176 1277 144.
189 1244 224 1279 246.

225 1298 236 1333 O

57 1354 171 1389 Obedientia
181 1357 239 1389 Enochi
251 1357 284 1400 aaa
295 1357 362 1392 Abrahae
369 1360 413 1398 thid.;

76 1409 126 1432 rerum
139 1407 222 1434 creatarum
232 1403 252 1436 66
263 1413 286 1445 sq.

57 1444 170 1479 Oblationes
189 1457 219 1479 non
234 1447 249 1481 iu
264 1448 316 1490 quouis
329 1448 363 1481 loco
376 1449 413 1481 olle-

76 1495 137 1533 rautor,
168 1492 195 1525 soal
214 1492 328 1537 hierosolymae
357 1498 413 1529 tantum

78 1537 93 1568 in
102 1536 139 1569 atrio
151 1538 203 1579 templi
212 1538 231 1570 44
243 1539 289 1571 414444
296 1539 321 1573 86.
332 1539 414 1580 Diligenter

77 1581 119 1623 prius
130 1591 138 1613 a
149 1582 227 1615 sacerdote
233 1583 349 1624 explorabantur
355 1585 414 1617 14444444.

57 1624 141 1659 Oceanus
153 1627 276 1669 dispositionibus
287 1629 314 1661 Dei
324 1628 415 1670 gobernatur

78 1672 103 1705 68.
125 1671 175 1706 blumii
186 1677 227 1705 trans
239 1674 314 1706 Occursum
325 1674 414 1716 impermea-

77 1717 123 1749 bilem
134 1717 159 1750 68.

754 72 792 113 647

451 189 478 228 Orci
490 188 579 231 cupiditates
590 193 656 231 superat,
667 189 707 228 Deo,
719 193 749 220 uon
761 185 791 219 silai

450 234 486 274 ipsi,
504 234 567 275 gloriam
584 234 640 266 tribuat
658 234 683 267 84.
701 233 736 265 262.
752 232 789 266 478.

449 278 554 322 Unusquisque
566 279 648 311 secuudum
658 288 696 322 (prae
711 278 748 310 lacit
764 284 790 310 ae-

451 323 501 365 cipiet.
524 324 541 357 Si
550 324 596 357 luerit
609 324 667 365 bonus,
683 323 742 357 bouitas
755 334 788 357 euru

450 368 529 410 antecedit,
540 368 554 400 si
565 379 633 412 nequam,
644 379 701 402 nrerees
712 369 788 412 nequitiae

451 424 484 446 eum
499 415 591 456 sequitant.
614 415 630 447 Si
647 416 680 457 quis
696 415 737 456 eupit
752 425 788 457 per-

450 459 501 491 uenire
511 459 531 491 44
541 459 635 500 praefinitum
642 460 697 501 locum,
708 460 739 493 suis
750 470 788 502 opo-

450 501 492 534 ribus
503 502 520 535 id
531 504 602 545 consequi
613 504 672 537 studeat
683 505 709 539 46.

431 545 493 588 Opera
504 549 680 590 supererogatoria.
704 549 719 583 Si
727 554 788 592 praeter

454 602 472 625 ca
489 603 526 635 quae
545 593 627 627 414444444-
639 595 710 629 Dominus
731 595 788 639 aliquid

450 636 487 669 boni
497 637 574 678 adieceris,
585 639 657 672 nraiorem
668 640 788 681 dignitatemtibi

452 682 531 724 conquires
542 682 578 715 482.

430 727 502 759 Oratio.
524 727 587 760 4444444
606 732 621 760 44
637 728 670 761 4444
689 730 788 762 haesitatione

450 771 524 804 orandum
535 773 600 805 444464
612 783 636 816 sq.
651 773 787 816 hrdesiuenterpro

450 816 483 849 aliis
494 817 579 850 hominibus
590 822 632 851 orate
644 818 679 853 128.
694 819 722 852 lliu
733 823 787 852 noetu-

450 872 479 905 que
498 862 560 896 solliciti
579 862 651 897 Corinthii
672 874 701 907 pro
717 864 787 898 uniuersa

450 909 541 941 fraternitate
556 909 581 942 48.
606 910 622 942 S.
635 910 701 951 ignatius
717 914 746 952 pro
761 922 786 944 ec-

450 952 500 985 clesiis
519 958 533 986 et
548 953 619 986 iratribus
635 959 704 997 precatus
717 960 739 988 est
750 956 786 989 214.

450 998 504 1031 Nidoae
517 998 549 1031 sine
563 999 674 1033 intermissione
690 1001 788 1043 interpellent

448 1054 477 1085 pro
494 1045 562 1077 omnibus
576 1045 611 1078 381.
636 1046 695 1086 Pauper
710 1051 743 1079 oret
757 1057 785 1088 pro

450 1088 499 1129 diuite,
512 1093 526 1121 et
538 1088 578 1122 44444
589 1094 656 1131 praestet
670 1090 734 1132 pauperi
748 1101 786 1133 quae

449 1133 471 1166 illi
484 1144 521 1176 opas
533 1140 567 1167 suunt
577 1133 617 1167 486.
636 1133 652 1166 si
664 1135 731 1177 precatio
743 1135 787 1168 unias

450 1183 494 1222 atque
502 1179 563 1212 alterius
569 1185 617 1213 444444
624 1180 663 1212 uires
670 1180 720 1222 hahet,
731 1186 787 1225 quanto

449 1224 496 1265 magis
506 1225 537 1266 itta,
550 1234 587 1266 quae
598 1225 666 1267 episcopi
682 1231 705 1258 est
716 1231 731 1258 44
741 1227 787 1259 totius

450 1269 523 1302 ecclesiae
540 1270 575 1303 124.
603 1270 643 1303 lires
662 1271 734 1304 orationis
750 1272 787 1305 466.

451 1313 521 1346 Oratione
525 1319 663 1355 peceatasanantur
667 1316 702 1348 tto.
708 1315 753 1347 Orate
758 1326 787 1357 pro

450 1358 510 1400 regibus
526 1364 541 1392 et
553 1358 653 1400 potestatibus
669 1364 684 1392 et
693 1359 787 1403 principibus

450 1404 489 1444 3893
500 1414 528 1445 pro
539 1404 604 1436 inimicis
615 1405 660 1445 a'be'd.,=
673 1415 702 1446 pro
718 1406 787 1438 omnibus
805 1441 806 1446 ,

451 1447 506 1481 sanctis
521 1449 557 1481 ibid.
584 1448 636 1481 Tristis
653 1449 718 1482 hominis
739 1450 788 1483 oratio

450 1493 564 1527 virtutemnon
579 1494 625 1527 habet
639 1499 656 1527 ut
670 1495 689 1527 44
704 1494 751 1529 414444
761 1495 789 1529 Oei

451 1540 523 1572 ascendat
532 1539 569 1572 472.
593 1539 644 1572 Oratio
658 1540 741 1573 humilitate
756 1546 789 1581 eget

451 1585 488 1617 434.
509 1584 560 1616 Oratio
573 1588 587 1616 et
597 1584 668 1616 ieiunium
679 1586 790 1625 coniunguntur
808 1599 810 1601 ¹

451 1628 487 1662 385.
498 1628 534 1661 434.
555 1629 589 1661 Nou
600 1628 663 1660 accedas
674 1629 693 1661 ad
705 1630 789 1662 orationem

451 1679 491 1706 tuam
501 1674 517 1705 in
529 1673 620 1705 couscientia
631 1673 670 1706 mala
682 1674 707 1706 42.
722 1675 788 1707 Geuibns

450 1719 504 1760 positis
519 1718 610 1752 44444426.

57 1761 167 1802 Onesimus,
200 1762 298 1804 Ephesiorum
314 1778 317 1782 .
333 1762 414 1806 episcopus
431 1763 479 1797 Ordo
490 1768 506 1797 ut
517 1763 532 1795 in
543 1762 595 1795 militia
607 1766 621 1794 et
633 1763 647 1794 in
660 1772 724 1805 corpore
735 1768 787 1796 nostro

79 1808 114 1842 126.
127 1808 162 1841 426.

58 1854 123 1895 Opera<
141 1854 175 1887 Non
188 1863 215 1904 per
226 1864 253 1886 uos
264 1853 414 1896 ipsosiustiticamur,

79 1907 128 1939 nequre
138 1907 166 1938 per
179 1898 267 1938 sapientiam
278 1903 345 1931 nostram
356 1904 381 1931 aut
391 1898 414 1930 in-

79 1942 175 1985 telligentiam
187 1947 212 1977 aut
223 1951 276 1986 opera,
289 1952 327 1986 quae
337 1943 353 1977 in
365 1943 415 1977 cordis

451 1813 518 1843 seruatus
530 1815 562 1849 est,
577 1808 598 1841 ita
609 1811 676 1841 seruetur
688 1807 740 1851 utiquc
754 1808 788 1842 oui-

452 1855 505 1897 coique
516 1858 531 1886 et
540 1854 556 1885 in
567 1853 631 1887 ecclesia
644 1853 669 1886 82.
681 1853 706 1887 84.
718 1854 738 1887 86
750 1864 774 1896 sq.

600 1929 617 1963 P.

79 1988 157 2023 sanctitate
165 1989 285 2032 operatisumus,
296 1990 358 2032 scalper
365 1990 415 2032 lidem,
431 1988 543 2023 Paracletus
562 1971 578 2021 iu
591 1989 632 2022 bleso
651 1994 665 2023 et
679 1987 758 2031 prophetis
775 1994 790 2023 ct
806 2011 807 2014 =

79 2046 164 2078 perquam
179 2035 273 2077 omnipotens
284 2036 323 2068 oeus
341 2036 358 2068 ah
372 2035 414 2069 initio

452 2035 526 2078 apostolis
540 2038 610 2076 operatas
622 2033 657 2067 282.

80 2078 259 2114 omnesiustilrcauit78.
282 2080 312 2114 Sed
323 2091 353 2114 uon
365 2090 416 2115 cessa·
431 2083 530 2115 Parentes
553 2078 606 2112 Oilicia
620 2088 672 2135 eonem
689 2079 791 2120 ergaliberos

80 2127 129 2158 binius
144 2137 152 2158 a
166 2125 214 2158 bonis
227 2125 298 2167 operibus
310 2126 335 2159 78.
361 2126 416 2159 Omnes

452 2126 511 2159 4668.
522 2125 558 2158 tte.

79 2171 115 2202 iusti
124 2171 168 2202 bonis
180 2170 251 2212 operibus
260 2171 308 2204 ornati
320 2171 380 2204 luerunt
390 2171 416 2204 78.
432 2173 502 2205 Pastor
513 2169 538 2202 arbi
550 2174 577 2210 esu,
589 2168 643 2202 eodem
654 2174 668 2202 et
681 2179 715 2203 oues
726 2180 791 2212 sequan-

80 2217 96 2248 14
112 2216 183 2256 operibus
200 2215 250 2258 ipsum
266 2217 365 2250 conliteamur·
382 2216 416 2260 108,

80 2260 152 2294 Dominus
165 2260 199 2302 ipse
212 2261 282 2303 operibus
296 2272 313 2296 se
327 2261 377 2305 ipsum
392 2272 418 2295 or-

81 2316 127 2347 nans,
143 2305 202 2347 gauisus
218 2311 240 2338 est
254 2306 280 2340 78.
304 2307 346 2340 'letis
361 2308 417 2341 nostris

81 2350 137 2384 uiribus
155 2360 193 2392 opus
208 2351 273 2384 iustitiae
293 2362 373 2395 operemur
392 2353 417 2387 to.

453 2222 478 2249 tur
490 2215 524 2248 tto.
540 2214 603 2247 Pastori
614 2215 677 2247 Hermas
689 2214 792 2249 traditur442.
831 2252 833 2255 ,

454 2262 507 2295 Pastor
517 2259 577 2293 44444444
594 2259 695 2302 poenitentiae
706 2259 742 2293 442.
764 2260 792 2293 Pa-

454 2313 486 2341 stor
499 2305 573 2339 rationem
588 2305 652 2337 reddere
667 2304 711 2337 dehet
729 2305 748 2337 ele
760 2305 791 2338 oui-

454 2354 482 2385 bus
495 2352 530 2384 564.

81 2397 103 2430 Ne
115 2406 169 2437 segnes
186 2401 201 2429 et
212 2396 272 2430 desides
285 2397 332 2430 simus
343 2398 362 2430 ad
375 2408 418 2432 omne
434 2396 535 2433 Patientia.
560 2394 587 2435 Ocri
598 2395 655 2437 patitur
663 2399 727 2437 propter
737 2404 792 2429 nomen

82 2452 120 2484 opus
133 2441 190 2475 6444444
200 2441 220 2476 78
231 2451 254 2485 sq.
275 2443 317 2477 Beati
328 2453 387 2485 sumtus,
406 2444 419 2477 si

82 2493 163 2530 praecepta
173 2487 233 2520 nomini
243 2488 259 2519 in
271 2489 420 2522 eharitatisconcor-

82 2532 106 2566 dia
117 2531 236 2576 impleverimus,
257 2537 273 2565 ut
287 2543 315 2576 per
332 2534 419 2568 charitatem

81 2583 144 2622 peccata
158 2583 210 2611 nostra
227 2579 272 2612 nobis
286 2580 381 2614 remittantur
395 2582 421 2615 Ob.

83 2626 99 2658 ln
111 2625 267 2667 operibusliemiuom
278 2627 380 2668 conliteamur,
390 2638 420 2661 non

83 2670 132 2702 uerbis
146 2670 180 2703 468.
205 2671 254 2712 Opera
265 2676 315 2704 restra
331 2672 361 2705 sint
373 2674 421 2714 depo-

455 2442 614 2484 nonantulanensis
625 2441 718 2483 apadDeum
729 2441 793 2476 hahetur

457 2490 492 2522 580.
513 2488 576 2528 Propter
591 2487 639 2519 Netum
654 2487 703 2520 omnia
720 2497 748 2520 nos
767 2498 793 2520 44-

455 2533 510 2566 stinere
528 2535 588 2574 oportet
604 2530 640 2564 200.
662 2531 711 2573 lingui
729 2532 795 2566 athletae

457 2585 479 2612 est
495 2577 537 2611 caedi
554 2582 569 2610 et
585 2576 645 2609 uincere
660 2577 696 2610 illd.
721 2576 794 2612 Patientia

457 2622 523 2666 mancat,
542 2628 559 2657 ut
577 2627 651 2656 armatura
670 2626 717 2657 totum
738 2633 794 2667 corpus

457 2675 537 2712 protegens
547 2669 582 2702 not.

83 2714 112 2748 sita
125 2719 174 2747 uestra
190 2714 227 2748 264.
250 2715 299 2757 Opera
317 2717 358 2750 bona
378 2718 422 2750 dehet
437 2714 513 2749 Patriae
528 2724 584 2747 carisa
602 2713 645 2745 urulti
659 2713 703 2746 etiam
719 2714 796 2756 gentilium

84 2762 129 2794 lromo
141 2760 201 2803 operari
212 2766 229 2794 ut
239 2761 289 2795 salutas
297 2762 323 2796 luat
331 2763 367 2797 464.
378 2763 422 2797 Paria

459 2761 503 2794 morti
514 2770 531 2793 se
541 2759 635 2793 tradiderunt
648 2757 683 2793 lOO.

84 2816 130 2849 opera
144 2807 185 2838 bona
200 2807 236 2839 464.
259 2806 561 2849 644444444441444Ρ44444441444
584 2806 602 2837 ab
624 2805 701 2846 apostolis
722 2806 797 2840 defunctis

85 2851 162 2894 cognoscit
169 2861 197 2884 nos
205 2852 271 2884 membra
278 2862 311 2887 esse
319 2852 346 2886 lilii
358 2853 422 2887 soi124

458 2850 529 2895 baptizati
540 2854 575 2904 4444
586 2849 622 2883 648.
638 2868 640 2870 -
