1793 3076
167 86 252 127 ittattttt
275 87 363 128 PASTOR.
390 86 451 126 lellll
464 86 491 125 lll.
519 80 682 131 statutarum)
754 77 793 123 527,

56 192 99 236 erae
116 199 153 237 sine
170 200 240 247 trerbis3
257 201 318 238 tertius
337 201 389 250 spinis
408 200 509 249 tribulisque
527 199 594 250 plenus.
624 198 698 244 Quartus
717 196 791 235 habebat

55 253 117 293 herbas
131 255 240 302 semiaridus,
256 267 327 305 qrrarnm
342 257 420 306 superior
438 267 479 306 pars
498 261 535 293 crat
551 255 620 301 viridis,
638 256 716 304 prosimu
733 259 789 292 autem

54 322 94 361 pars
108 322 117 349 a
130 312 216 351 radicibus
230 314 284 357 sicea,
301 313 383 362 quaedam
400 325 441 350 uere
456 312 510 349 herba
524 312 600 349 eiusdem
617 312 690 357 carentis,
709 323 748 349 emn
763 309 790 349 sel

55 368 166 414 irrcalnisset‚=
174 368 236 406 uirides
249 368 318 405 fiebant.
345 368 416 414 Quintus
430 380 479 406 rnorrs
494 380 546 418 asper
558 372 600 413 erat,
615 367 645 405 sed
653 367 716 405 virides
727 365 789 405 herbas

55 424 133 461 habehat.
160 425 221 463 Sextus
236 430 291 462 autem
305 428 406 462 nronstotns
416 424 497 461 scissuris
508 428 545 462 erut
557 424 625 474 pierias,
641 424 743 472 quibusdam
756 424 789 462 esi-

54 480 97 527 guis,
111 480 212 527 quibusdam
229 491 270 515 rere
288 480 368 515 scissuris
386 480 485 516 nraieribns.
512 479 546 516 Sed
565 481 651 517 scissurae
669 480 707 517 illae
726 480 788 518 herbas

54 533 144 580 habehant,
158 545 192 573 nun
202 533 249 573 ualde
259 534 327 582 quidem
340 533 403 581 laetus3
416 533 470 583 caragis
480 533 524 569 euim
532 533 577 570 velut
586 534 671 571 marcidae
684 535 789 572 videbantur.

54 591 139 639 Septimus
154 602 194 627 rere
208 601 257 627 utores
271 589 334 626 hilares
352 590 415 626 herbas
429 590 511 634 trahebat,
529 595 609 637 tutusque
629 594 665 626 erat
681 590 753 637 fertilis,
773 596 790 629 et

55 657 104 683 crnne
119 639 180 694 genns⁵
192 644 277 694 pecudum
290 644 413 693 volucrumque
421 643 535 681 uescebantur
548 644 565 680 iu
575 645 635 681 euclem
645 650 708 682 merrae.
735 646 789 690 Quan-

54 709 106 752 toque
120 701 233 740 vescebantur
246 700 284 738 illae
298 700 377 739 vulneres
390 700 416 738 nel
429 710 502 751 pecora,
516 704 563 737 tante
583 698 646 737 herbae
660 701 723 737 meritis
736 701 790 750 ipsius

54 759 133 795 laetiores
148 756 254 795 crescebant.
282 757 359 795 neruus.
373 768 442 806 qrreque
456 768 507 805 triens
521 756 596 794 lontibus
609 756 671 806 plenus
686 761 728 804 erut7
741 763 758 794 et
772 768 791 795 eu

54 815 80 851 his
95 814 171 852 lontibus
185 813 314 862 acluquubuntnr
327 825 377 851 orrrne
390 824 444 863 genus
459 812 526 849 batarini
545 818 639 850 creaturae.
666 813 726 851 Nonus
739 825 789 852 mons

54 870 115 908 trullam
130 870 198 909 omnine
213 880 273 920 aqnanr
287 869 373 917 habehat,
390 874 472 919 totusque
491 873 528 906 erut
548 868 649 915 destitutus,
662 873 678 907 et
692 870 789 908 mortiferus

54 932 144 974 serpentes
151 926 224 964 lralrehut
233 926 329 964 homiuibus
339 926 419 964 omnibus
430 919 546 975 perniticsasl
571 925 650 964 Decimus
657 937 707 963 anons
715 926 790 965 hahebat

54 982 134 1020 rnusirnas
149 981 225 1028 ueteres,
239 992 338 1032 opacusque
352 987 389 1019 erut
402 986 454 1027 totns,
469 986 486 1018 et
499 981 531 1017 snb
544 981 604 1018 umbra
616 981 696 1018 arborum
705 977 788 1034 pecudes⁷

54 1039 132 1076 iacebunt
145 1039 275 1087 requiescentes
289 1043 306 1076 ct
319 1038 427 1088 rrrrnigantes
454 1035 555 1074 Undecimus
567 1048 616 1076 nicus
626 1036 683 1076 densis
697 1036 788 1076 arboribus

55 1090 149 1144 [repletus]
164 1099 205 1140 crat,
220 1094 326 1143 arboresque
339 1094 377 1131 illae
391 1094 428 1131 eliis
442 1098 492 1142 atque
506 1093 543 1130 aliis
557 1099 627 1131 ornatae
641 1094 788 1141 crudescentibus,

53 1144 79 1187 ita
89 1155 108 1188 nt
122 1151 220 1200 quicunque
232 1150 312 1196 uidisset,
325 1150 456 1200 concupisceret
472 1149 575 1187 maraclcreare
590 1149 611 1187 de
625 1149 709 1187 lrnctibus
724 1161 787 1188 earnm.

53 1205 168 1245 brredeeimus
182 1218 221 1244 rere
235 1218 284 1244 reeens
298 1211 344 1244 totus
358 1206 439 1244 currdidns
454 1210 491 1242 erut
501 1201 787 1255 etaspcetumhilarern⁸lrabebat⁵

53 1262 121 1311 sibique
134 1274 183 1300 anons
197 1262 224 1300 ille
238 1274 321 1300 snrrnnum
334 1261 429 1312 praebebat
442 1262 529 1299 decerem.

106 1372 129 1422 (a)
140 1375 159 1412 ll.
186 1369 227 1412 larn²
242 1376 258 1412 in
272 1374 327 1411 medie
341 1386 401 1423 campan
419 1373 495 1411 ostendit
511 1372 552 1410 trrilri
570 1378 636 1423 petrum
653 1387 731 1425 magnam
748 1386 788 1414 curt-

54 1430 115 1476 didarn,
126 1441 170 1479 [prae
180 1429 201 1466 ele
209 1430 247 1478 ipso
255 1434 373 1466 exsurrexerat
381 1440 447 1477 corripe.
474 1429 532 1477 hasprae
540 1434 590 1477 petru
597 1430 647 1466 altior
658 1431 691 1467 illis
700 1432 787 1469 montibus

54 1491 94 1534 erar,
109 1492 126 1524 et
139 1487 162 1523 ita
176 1491 213 1523 erat
226 1485 313 1535 quadratu,
326 1489 345 1522 nt
354 1489 414 1534 posset
420 1488 473 1521 totum
484 1484 544 1522 orbern
552 1485 642 1524 sustinere.
668 1486 721 1524 Vetus
733 1493 788 1525 auteur

54 1547 90 1579 erut
102 1547 150 1591 petra
163 1541 195 1588 itta,
209 1547 276 1591 portum
290 1542 363 1593 excisam
377 1540 453 1587 habens,
473 1539 521 1578 cuius
542 1540 604 1579 dolatio
622 1552 678 1591 rruper
690 1542 734 1581 laeta
747 1544 788 1583 nrilri
813 1540 815 1545 ’

53 1598 148 1635 ridebatur.
164 1598 216 1635 Portu
230 1602 286 1635 antem
300 1598 338 1647 ipsa
351 1597 451 1646 plusquam
466 1596 492 1634 sol
506 1597 611 1646 splendebat,
619 1599 641 1635 ita
649 1604 668 1636 ut
676 1610 708 1648 ege
716 1601 788 1638 mirarer

53 1654 70 1691 in
85 1654 176 1704 splendore
190 1658 250 1703 portae
265 1653 307 1691 eius.
334 1652 383 1690 Circa
400 1657 466 1701 quartum
484 1657 540 1690 antem
557 1654 611 1702 ipsum
629 1654 696 1692 stabunt
713 1656 792 1704 virgines

54 1710 154 1755 duodecim,
168 1722 188 1747 err
202 1710 264 1757 quibus
278 1713 369 1759 qrruttnor¹‚
382 1720 425 1757 qnae
444 1707 524 1746 tenebant
542 1709 613 1759 ungrrlos
631 1710 706 1748 eiuselent
726 1719 786 1761 portae

54 1765 175 1814 dignitosiores
192 1765 233 1802 nritri
247 1776 285 1802 csse
304 1764 413 1809 videbuntnr3
432 1775 470 1801 nana
488 1768 505 1801 et
522 1769 599 1803 caeterae
618 1766 712 1814 dignitesae
732 1775 785 1806 erant.

54 1820 124 1858 Stabant
136 1825 191 1857 autem
204 1820 221 1856 in
235 1824 315 1869 quattuor
327 1814 413 1868 partibus2
430 1825 500 1867 portae,
517 1825 534 1857 et
552 1821 569 1856 in
586 1821 642 1858 medie
660 1833 718 1859 earum
735 1824 786 1862 birsae

54 1878 127 1925 rirqmes
140 1877 209 1916 restitue
224 1877 284 1913 linteus
297 1877 363 1913 tierricus
372 1882 389 1912 et
399 1874 480 1912 decenter
489 1874 554 1913 cinctae
566 1881 619 1922 erant,
633 1877 700 1915 nudatis
709 1879 789 1918 laumeris‘

19 1928 21 1930 ’
54 1932 116 1971 deutris
134 1937 219 1983 tamquam
238 1932 310 1981 aliquem
328 1931 392 1978 fascem
409 1936 508 1980 percautus:
525 1932 550 1968 sic
567 1938 616 1970 crunt
632 1938 707 1982 paratae.
733 1935 785 1974 Valde

54 1991 98 2027 enim
115 1989 177 2027 hilares
198 1995 246 2027 erant
265 1994 282 2027 et
300 1989 372 2027 alacres.
398 1988 444 2026 llaec
460 1999 498 2025 cum
516 1987 607 2036 vidissem⁷
625 1990 686 2028 iterum
703 2002 730 2029 nre
747 1993 785 2041 ipse

52 2045 131 2091 rnirubur,
146 2045 193 2094 cqrrod
207 2050 239 2083 tarn
253 2056 321 2094 treuguas
335 2056 363 2082 res
379 2049 396 2082 et
408 2044 505 2093 praeclaras
519 2045 555 2093 ipse
569 2046 652 2084 videbam.
679 2046 713 2085 Sed
725 2060 785 2087 rrrrsns

52 2101 133 2139 movebar
145 2107 217 2151 propter
228 2102 301 2151 uirgines
315 2101 357 2147 illus,
372 2100 418 2150 equod
431 2101 455 2138 ita
468 2100 536 2139 fortiter
547 2106 616 2150 starent,
630 2107 711 2152 tanqnunt
720 2105 785 2143 caelatur

53 2222 138 2262 splendebat
157 2220 188 2252 Pal.
214 2220 236 2251 dd
255 2221 334 2252 caelestem
356 2220 411 2252 Christi
432 2210 786 2264 deeterlstearrqrenmeliqrrunlseeecrnl'ut.Gre-

52 2266 145 2299 nraiestatem
157 2275 174 2298 cu
186 2265 249 2298 referas.
432 2266 454 2298 tiu
461 2270 562 2306 :recenseas
573 2271 589 2299 nt
601 2267 661 2305 inutil.
674 2268 741 2302 Praecla.
751 2271 760 2302 l
771 2272 786 2304 b.

84 2311 102 2353 5]
113 2313 165 2344 deterrere
176 2309 212 2353 (sic)
222 2311 278 2353 absquae
285 2311 410 2345 nelrernenterl'ut.
432 2311 483 2344 Grutiu
494 2311 509 2344 in
521 2310 567 2352 actm
578 2311 663 2345 iucunditas
674 2313 689 2346 iu
699 2316 773 2348 sermone.

85 2357 101 2399 b)
115 2357 155 2390 Germ
170 2357 207 2388 etaim
227 2366 259 2389 eene
275 2361 332 2399 portent
351 2358 409 2390 student
463 2358 480 2398 9)
492 2358 530 2400 qued
548 2361 577 2389 tuna
592 2359 654 2390 elctleete
670 2364 718 2392 essent
733 2365 747 2393 ct
762 2363 784 2393 ite

53 2404 128 2436 dreodeeine
137 2403 202 2444 eirpines
214 2401 245 2434 Vut.
430 2404 489 2444 fortiter
504 2406 558 2436 sterent
568 2403 608 2443 blut,
623 2403 638 2435 in
654 2404 684 2436 tine
698 2407 785 2447 pertendunt

85 2449 102 2491 l)
115 2448 219 2491 dipeltosieree
228 2447 264 2488 Vnt,
277 2447 311 2481 dein
324 2452 337 2481 et
347 2449 409 2491 dipticae
431 2449 499 2482 traherent
510 2459 524 2491 p,
534 2451 625 2491 patieturne.

53 2499 105 2527 cetere.
117 2494 170 2527 videre
183 2493 218 2526 lieet
229 2503 246 2525 cu
258 2504 270 2525 c.
283 2494 307 2527 tu.
319 2499 334 2527 ct
346 2495 369 2528 te.
381 2506 409 2529 nec
464 2495 490 2538 lb)
501 2496 589 2537 dispectorem
599 2494 630 2527 lat.

53 2549 84 2571 non
95 2548 112 2570 eu
123 2539 152 2569 llis⁴
164 2539 182 2578 3,
199 2539 213 2570 8.
230 2538 270 2569 dona
281 2540 347 2580 Spiritus
361 2542 409 2572 suncti

52 2582 359 2626 perhusduecleeimuirgincssignilrcarl.
369 2585 409 2617 Lun-
463 2584 480 2627 4)
491 2586 533 2627 quaeri
545 2585 592 2626 frtllpe
609 2589 645 2617 erut.
667 2585 740 2618 Secrecrdns
752 2586 783 2620 Pul.

54 2630 96 2661 datus
108 2629 150 2661 lucus
161 2634 213 2660 irester
225 2629 243 2660 ab
254 2629 295 2670 erig,
306 2630 347 2662 liunt.
358 2631 382 2663 13.
393 2631 415 2664 in,
462 2630 478 2673 5)
490 2631 536 2664 caereis
549 2630 580 2662 Pul.

54 2675 107 2707 Eeeelr.
119 2678 133 2706 et
145 2673 163 2706 ub
174 2673 235 2716 antiquo
244 2673 309 2707 erectore
319 2676 369 2717 operis
380 2676 409 2709 im—
462 2677 478 2716 b)
488 2676 578 2717 perantiquae
590 2676 622 2707 Pal.

54 2719 117 2760 perlecti
127 2719 143 2751 in
153 2718 265 2759 tractusque.
275 2720 308 2752 Vid.
317 2720 409 2754 Coteleriunr
461 2720 478 2764 ἵ)
488 2731 542 2762 pecore
553 2720 585 2752 Pul.

53 2764 72 2797 m
83 2765 97 2797 lr.
109 2765 119 2798 l.
462 2767 478 2809 8)
489 2769 548 2807 aspectu
559 2766 605 2798 hilare
617 2764 648 2797 Pnl.

84 2810 100 2853 8]
113 2811 162 2844 lueret
174 2814 223 2843 cartem
236 2811 274 2842 irater
285 2812 348 2852 pretium
360 2823 409 2847 eurum
524 2843 525 2847 ,
651 2811 655 2815 ’

52 2856 124 2897 carpinum
136 2860 149 2888 et
162 2857 179 2889 he
192 2857 224 2889 bine
235 2858 285 2889 uertite
297 2858 342 2892 lineis
354 2860 408 2891 treerieis
462 2856 497 2897 Cup.
508 2855 526 2889 ll.
549 2855 564 2897 1)
576 2856 612 2888 Note
621 2856 652 2889 Pul.

53 2904 66 2933 tl
81 2901 129 2936 elecem
144 2902 203 2940 destincte
219 2902 277 2950 ,caerem
293 2902 332 2948 [sie]
343 2904 410 2941 aruceus
460 2901 477 2945 2)
487 2905 536 2944 perles
548 2901 579 2934 ru.
