1775 3076
206 821 241 861 DE
255 818 364 861 ALTERA
376 815 431 858 udo
445 810 584 856 aututuuu.

87 959 150 997 Studiis
165 960 209 996 eirca
223 964 289 1008 patrum
304 956 439 1007 apostolicorum
454 964 506 1004 opera
525 950 567 988 nibil
582 961 601 987 ca
615 949 667 997 longo
681 951 759 995 ternpore

36 1040 102 1086 gravius
117 1038 178 1075 accidit
193 1048 242 1085 quarn
254 1036 299 1084 quod
315 1037 331 1072 ιιι
346 1035 405 1071 codice
420 1033 510 1070 bibliorum
525 1029 606 1066 Sinaitico
621 1029 688 1084 inventa
700 1026 759 1062 estin-

40 1124 86 1164 tegra
101 1115 187 1152 Barnabae
202 1114 273 1162 epistola
288 1124 325 1150 carn
339 1113 397 1161 priore
412 1110 489 1147 Pastoris
503 1114 557 1158 parte.
586 1105 615 1142 llia
629 1106 674 1143 enirn
688 1103 760 1154 epistota

36 1204 69 1240 quo
84 1203 163 1229 sermone
177 1191 197 1227 ab
213 1196 281 1227 auctore
290 1191 387 1237 conscripta
397 1194 463 1225 estnec
477 1188 541 1234 integra
557 1184 650 1221 trabebatur
663 1184 760 1230 bucusque,

36 1281 67 1306 nec
86 1269 146 1318 quibus
160 1268 237 1318 partibus
255 1279 274 1305 es
293 1267 381 1305 codicibus
395 1265 521 1305 recentioribus
539 1264 600 1302 hausta
618 1268 644 1300 est
661 1272 721 1310 inagna
736 1265 762 1298 cst

38 1347 76 1383 fide.
96 1347 151 1383 Latina
166 1357 206 1383 vero
220 1346 281 1394 prioris
295 1347 348 1394 partis
363 1345 445 1395 longioris
459 1342 551 1390 (1—xvu)
565 1342 689 1391 interpretatio,
704 1350 761 1388 queui-

38 1424 128 1461 adancdurn
147 1425 163 1465 in
183 1423 244 1460 codice
266 1423 329 1460 saecuti
348 1423 383 1460 tore
396 1423 450 1459 uetari
465 1422 506 1460 oiim
526 1420 625 1459 barbarensi
644 1428 689 1456 nunc
703 1417 761 1454 Petro·

39 1502 112 1549 potitanc
128 1511 183 1549 eoque
198 1493 234 1537 soto
249 1501 314 1538 inventa
329 1505 360 1545 cst,
374 1506 393 1537 ut
406 1500 470 1549 passini
484 1504 561 1548 praestat
572 1498 641 1536 Graecis
649 1496 726 1544 vulgatis,
739 1495 761 1532 ita

39 1590 89 1626 saepe
104 1578 251 1627 corruptissimum
266 1583 328 1615 textum
340 1579 416 1626 praebet,
430 1578 451 1615 iis
465 1579 536 1615 nnaninne
545 1576 628 1626 capitibus
643 1587 686 1624 quae
697 1574 762 1613 Gracco

38 1655 93 1692 aatlnuc
108 1654 252 1708 desiderabantur.
274 1655 309 1692 Nec
324 1655 359 1693 sere
374 1657 439 1694 aninore
454 1656 543 1705 iniquitate
557 1656 637 1693 utebatur
647 1655 708 1691 Pastor
723 1653 763 1690 Her·

41 1744 77 1770 urae
92 1734 120 1781 qui
136 1733 205 1779 dicitur,
224 1734 286 1770 Latinis
305 1734 394 1772 codicibus
416 1747 476 1783 magna
490 1735 585 1783 scripturae
600 1734 681 1771 varietate
696 1732 763 1781 conspi-

40 1811 84 1847 cuis
94 1817 109 1847 et
124 1811 188 1848 Graeco
204 1811 283 1848 doliorum
298 1811 411 1860 Lipsiensiurn
430 1819 477 1850 textu
494 1824 553 1861 parurn
567 1811 645 1860 probato.
671 1811 714 1848 Hinc
727 1822 763 1858 gra·

42 1888 108 1925 vissirna
123 1889 186 1926 codicis
195 1889 270 1926 Sinaitici
285 1889 361 1927 subsidia
376 1891 396 1927 ad
409 1890 515 1940 supplendos
527 1896 578 1940 atque
588 1889 705 1929 emendandos
711 1888 764 1926 libros

44 1965 75 2002 bos
89 1966 131 2014 ipsis
145 1967 244 2016 apostolicis
258 1969 343 2017 proximos
359 1980 392 2006 raon
406 1969 509 2007 reservanda
526 1968 627 2007 videbantur
644 1979 697 2006 novae
714 1966 765 2015 plane

41 2048 107 2092 patruin
121 2046 254 2094 apostolicorum
272 2047 353 2096 editioni,
372 2060 422 2098 quarn
440 2054 479 2098 post
498 2059 551 2086 annos
566 2047 630 2097 aliquot
648 2047 688 2085 care
702 2046 735 2097 ipsi
749 2047 765 2084 ιιι

44 2122 99 2158 aniano
113 2123 207 2172 babemus,
222 2126 252 2163 sed
268 2127 323 2163 scattn
338 2127 434 2165 adhibenda
448 2128 468 2168 ad
482 2127 577 2175 aagendam
591 2127 718 2174 ornandamque
732 2125 766 2162 edi-

44 2197 106 2237 tionem
130 2201 259 2241 Dresseliananr.
291 2203 339 2249 Quod
359 2205 380 2242 ita
399 2205 461 2243 facturn
481 2211 507 2243 est
523 2211 542 2242 ut
558 2206 606 2255 prior
625 2216 664 2255 pars
684 2204 766 2255 epistolae

45 2276 129 2316 Barnabae
144 2281 193 2329 plene
207 2281 333 2322 exscriberetur
343 2297 363 2323 ex
373 2291 445 2335 utraque
454 2291 512 2323 nostra
526 2285 589 2323 codicis
598 2283 673 2322 Sinaitici
688 2284 767 2329 editione,

44 2362 131 2404 practerea
145 2371 185 2398 aero
201 2362 282 2411 quicquid
300 2364 316 2401 in
332 2365 391 2402 eadern
409 2365 489 2402 differta
505 2365 590 2414 scriptura
608 2364 672 2402 Graeca
691 2362 767 2401 eiusdem

47 2434 128 2482 epistolae
143 2444 159 2474 et
172 2441 235 2486 prioris
250 2442 302 2490 partis
317 2442 355 2480 libri
369 2442 449 2488 Hermae,
465 2445 607 2492 quemadmodum
623 2445 638 2480 in
652 2454 704 2492 opere
719 2440 768 2478 bres-

44 2512 107 2550 scliano
123 2516 167 2553 edita
182 2525 213 2562 est,
228 2527 307 2559 accurate
321 2528 448 2561 recenseretur.
470 2522 516 2568 Quae
530 2523 581 2572 igitur
595 2521 695 2571 exeruptaria
710 2520 769 2558 editio·

45 2591 70 2627 nis
86 2591 202 2634 Dresseliauae
216 2601 254 2635 anni
269 2599 324 2637 1857.
338 2601 355 2637 iu
370 2601 456 2649 pubiicum
470 2603 545 2638 nondum
560 2602 641 2649 exierant,
655 2600 688 2637 illis
702 2600 770 2649 supple·

48 2670 109 2706 mentis
129 2679 178 2710 aneta
196 2682 243 2725 saint,
261 2685 388 2729 proptereaque
409 2691 454 2718 niano
470 2680 540 2718 alterius
558 2680 637 2718 editionis
656 2679 704 2718 titulo
723 2690 771 2717 eaor-

46 2753 84 2784 nata
104 2751 197 2800 prodeant,
219 2757 283 2795 natanto
305 2759 375 2807 insuper
390 2760 454 2807 pretio,
472 2770 506 2805 qno
525 2760 577 2806 magis
593 2761 700 2796 academicae
716 2759 771 2795 iuven-
