1793 3076
172 88 259 128 titttttttt
273 89 359 130 PASTOR.
385 90 446 130 tinnit
459 90 485 131 ΙΙΙ.
512 88 596 128 ὃῐΜίΙᾸἮ
611 87 638 126 IX.
652 83 679 135 (Β)
758 81 797 125 565

61 202 138 241 seculum
156 203 223 241 illorum
242 216 280 254 cum
297 204 330 241 illis
345 204 446 241 vanitatibus
460 216 511 252 opum
527 197 615 248 senemr1
626 206 644 241 et
657 202 682 240 sie
693 201 796 254 convenient

61 259 78 296 in
98 259 128 297 Dei
144 272 204 310 regne,
230 260 304 297 Necesse
317 265 344 297 est
361 260 405 296 euim
427 271 457 297 cos
475 260 539 297 intrare
557 260 574 296 in
592 269 664 308 regnum
682 256 721 295 Deia
739 269 794 307 genus

61 314 106 353 enim
118 315 152 353 hoc
166 314 244 364 probavit
257 315 344 353 Dominus.
369 309 401 353 lin²
415 316 449 353 hoc
463 326 504 365 crgo
519 326 582 366 genere
595 326 630 352 uon
643 314 734 352 intercidet
748 315 793 364 quis-

62 383 118 421 quam.
150 370 215 408 Etenim
236 370 277 409 licet
293 375 384 419 temptatus
406 370 467 419 aliquis
485 382 544 409 eorum
562 371 583 407 alt
602 370 708 419 iniquissimo
725 369 793 408 diabolo

62 426 124 475 aliquid
138 426 236 474 deliquerit,
250 426 283 463 cito
296 426 370 463 recurrit
383 427 404 463 ad
418 427 506 464 Dominum
520 437 576 464 serum.
602 425 638 474 ligo
652 426 721 464 nuntius
735 426 794 475 poeni·

62 482 123 520 tentiae
137 481 195 519 lellees
209 493 239 518 uos
252 481 319 526 iudico,
337 482 435 530 quicunque
454 482 495 519 estis
509 482 577 519 innocui
595 481 640 519 sieut
655 481 739 534 inientes,
754 482 794 532 qnia

61 548 101 586 pars
119 541 176 574 vestra
192 536 238 574 hore
257 540 283 573 est
300 540 317 573 et
334 536 417 573 honorata
434 537 479 585 apud
495 537 554 575 Deum.
581 537 663 575 Dmnileus
681 542 736 575 autem
755 538 793 575 dico

60 593 118 637 vohis,
133 591 161 640 qui
175 591 209 628 leoc
222 589 296 639 sigillum
309 589 340 626 filii
353 591 384 627 Dei
397 591 497 638 accepistis:
516 592 639 640 simplicitatem
652 592 723 636 habete,
737 604 794 641 neque

61 646 166 686 ollenserum
181 646 218 683 sitis
230 656 321 691 inureres,
334 656 391 694 neque
404 645 421 683 io
434 645 511 694 nequitia
518 646 637 696 permaneatis.
663 646 744 695 Deponite
753 658 794 696 crgo

60 704 159 742 memoriam
176 702 281 740 ollenserum
300 698 334 748 [et]
351 701 481 740 amaritudinum
499 708 604 748 uestrarum,
618 707 636 740 et
654 701 672 738 in
685 713 719 738 uno
734 702 795 751 spiritu

60 758 161 797 efficiemini.
188 757 225 795 lllas
239 762 295 795 autem
308 756 360 795 meles
374 758 458 796 scissuras
472 758 565 796 remediatc
582 769 602 796 ae
617 756 670 796 tollite
683 768 692 795 a
705 757 763 804 rolris,
776 763 796 796 ut

58 816 75 863 si
89 815 168 853 neritinus
186 825 269 864 pecorum
287 814 361 861 venerit,
375 814 456 864 gaudeat,
471 815 485 852 si
498 826 563 864 peoora
576 825 607 853 sua
624 813 692 863 integre
705 813 794 863 invenerit.

61 870 79 908 Si
97 871 142 909 enim
158 875 187 908 aut
204 871 259 919 aliqua
277 880 341 919 peoora
357 870 478 920 apostorilrus
496 870 586 919 dissipata,
604 875 633 908 aot
649 870 697 920 ipsos
715 875 794 919 pastores

60 931 150 975 corruptos
165 926 247 964 invenerit
262 924 350 972 deminus,
365 925 406 973 quid
420 926 436 963 ei
453 926 599 975 respondebunt
621 925 702 974 Nunquid
713 931 793 975 pastores

24 1027 27 1032 ¹
60 982 121 1020 dicturi
134 988 179 1029 sunt,
194 993 204 1018 a
217 980 309 1032 peceribus
323 992 342 1018 se
355 993 394 1019 csse
408 982 488 1019 vexarese
502 981 551 1026 Quod
564 993 596 1019 nec
610 980 687 1019 ereditur
699 980 738 1024 iDis,
753 982 793 1030 quia

59 1038 158 1077 incredibile
168 1042 198 1081 est,
208 1043 294 1088 pastorem
303 1037 366 1086 aliquid
374 1037 409 1087 pati
419 1048 471 1087 posse
481 1049 571 1087 apecore3
586 1038 639 1086 magis
648 1043 704 1074 eutem
713 1037 794 1086 punietur

59 1099 131 1144 propter
147 1094 259 1134 mendacium.
286 1093 321 1143 Dgo
340 1105 378 1131 snm
391 1099 458 1144 pestem
478 1098 546 1144 oportet
564 1106 590 1132 me
609 1093 691 1132 devehis
709 1092 792 1131 altissimo

59 1150 131 1189 reddere
145 1151 233 1189 rationem.
731 1158 733 1160 ’

111 1257 134 1307 (n)
147 1259 210 1298 dllllll.
236 1260 334 1300 Remediate
346 1271 383 1308 uos,
398 1261 437 1299 dom
451 1261 506 1299 adhuc
516 1262 568 1299 tumis
580 1260 684 1300 aedificatur
710 1262 792 1301 Dominus

58 1318 122 1356 lialeitat
133 1318 150 1354 in
165 1318 190 1354 liis
204 1317 244 1355 viris
258 1319 287 1366 qui
306 1329 365 1367 pacem
379 1317 456 1367 diligunt,
471 1317 550 1366 quoniam
563 1329 624 1367 pacem
635 1318 699 1355 amovit.
726 1319 792 1357 dviris

58 1378 113 1411 autem
127 1373 189 1421 iniquis
204 1379 221 1411 et
239 1373 325 1411 seditiosis
340 1368 454 1422 perditisque1
467 1373 553 1421 nequitiae
571 1373 656 1418 recedite,
675 1378 692 1411 et
707 1374 793 1412 hahebitis

57 1429 124 1467 Domini
141 1429 228 1477 spiritum,
247 1430 291 1467 sieut
308 1429 398 1478 accepistis
416 1430 507 1477 integrum.
532 1428 574 1465 llam
592 1439 629 1466 cum
647 1428 707 1467 lulloni
726 1430 794 1468 dederis

57 1484 175 1531 uestimentum
193 1494 265 1527 noutnn,
277 1484 336 1531 utique
349 1484 374 1518 vis
388 1495 427 1519 eum
441 1484 526 1531 integrum
539 1484 624 1531 recipere.
652 1484 670 1520 Si
683 1489 738 1521 autern
753 1485 794 1522 lullo
810 1505 812 1508 ·

58 1540 131 1577 scissum
144 1539 261 1576 vestimentum
275 1539 306 1575 tilti
319 1538 389 1584 reddat,
403 1537 481 1588 nunquid
495 1537 568 1588 accipies
581 1537 633 1584 illud,
647 1543 676 1575 eut
689 1551 723 1576 non
736 1541 794 1588 potius

57 1593 136 1632 irasceris
151 1597 220 1631 etcum
235 1588 316 1632 convitio²
330 1594 446 1643 persequeris,
459 1594 568 1631 liaeedicens
577 1595 598 1631 ad
612 1605 660 1631 eum:
674 1596 793 1633 arestimentum

57 1650 88 1688 aiot
102 1649 140 1686 dedi
155 1649 238 1698 integrum
244 1654 321 1699 square
335 1649 400 1687 scidisti
414 1649 455 1686 illud
470 1655 487 1686 et
500 1649 560 1686 inutile
574 1649 630 1687 teeisn
643 1650 676 1696 ita,
690 1655 709 1687 ut
721 1656 793 1701 propter

58 1706 160 1751 scissuram,
174 1716 224 1754 quam
242 1706 258 1743 iu
274 1717 294 1743 eo
308 1705 373 1750 iecisti,
388 1705 404 1742 in
424 1716 457 1742 usu
475 1716 513 1742 esse
531 1716 565 1741 non
583 1705 652 1754 possiet
677 1705 736 1743 Nonne
750 1707 793 1744 haec

58 1761 114 1799 omitia
129 1761 175 1798 dices
190 1761 248 1798 lulloni
264 1761 284 1799 de
298 1761 380 1805 scissura,
393 1772 444 1809 quem
458 1760 537 1798 invenisti
550 1762 567 1798 in
576 1760 675 1798 vestimento
688 1762 731 1799 tuot
744 1760 793 1800 Unde

58 1819 72 1855 si
85 1822 104 1855 tu
119 1816 139 1854 de
154 1817 254 1854 vestimento
267 1817 321 1854 tristis
336 1816 409 1854 elliceris
424 1820 440 1853 et
451 1817 516 1860 rixaris,
531 1817 570 1864 quia
582 1827 617 1853 non
629 1816 713 1865 integrum
723 1817 791 1866 recipis,

58 1872 98 1923 quid
112 1877 161 1922 putas
179 1872 267 1910 Dominum
288 1883 326 1909 esse
340 1872 433 1915 iacturum,
453 1871 481 1921 qui
497 1872 527 1909 tihi
541 1872 619 1920 spiritum
639 1872 685 1909 dedit
701 1873 791 1922 integrum,

58 1934 75 1966 et
89 1934 107 1966 tu
121 1928 167 1965 illum
181 1933 233 1972 totum
244 1929 267 1965 ita
280 1922 364 1966 inutilcm³
379 1927 445 1972 teeisd,
460 1933 479 1963 ut
493 1927 560 1964 donnino
579 1939 610 1964 sno
623 1928 641 1964 in
659 1940 692 1965 usu
706 1939 744 1965 esse
758 1940 793 1967 non

59 1984 123 2032 possit,
136 1983 175 2032 quio
188 1995 230 2020 usus
243 1983 297 2031 ipsius
311 1982 404 2030 spiritura
419 1987 435 2019 te
449 1982 511 2019 inutilis
529 1993 567 2020 esse
587 1983 643 2032 coepit
656 1988 673 2020 et
687 1985 791 2032 corruptust

60 2040 80 2076 m
93 2040 132 2077 ideo
149 2039 230 2076 Dominus
248 2038 270 2074 oli
285 2038 317 2075 leon
335 2042 382 2075 tuum
400 2037 463 2074 lactum
481 2037 538 2074 tradet
554 2043 571 2074 tc
589 2038 644 2075 morti.
672 2037 734 2075 Omnes
748 2039 793 2076 enim

59 2095 101 2133 tales
115 2096 174 2144 puniet
184 2095 275 2141 Dominus,
289 2106 332 2144 quos
346 2094 429 2132 inuenerit
442 2094 458 2131 in
473 2094 555 2132 irremorie
570 2094 671 2132 delictorum
685 2105 729 2132 esse.
755 2094 793 2138 Non

651 2183 656 2197 l

61 2216 83 2248 St.
98 2225 114 2256 p.
129 2216 189 2257 pleniter
202 2214 245 2256 Cot,
265 2214 298 2248 dein
312 2218 386 2258 peecatum
401 2223 415 2255 p.
437 2214 526 2248 Palletct
535 2214 567 2248 Cot.
578 2213 636 2247 restitui
642 2217 740 2257 persequerer,
752 2215 793 2258 quod

60 2260 194 2294 ereetruartenvet.
438 2260 506 2292 nonrmlli
526 2259 567 2292 editt.
582 2270 594 2292 c.
612 2259 661 2292 Feltro
677 2260 699 2292 St.
714 2260 792 2297 stoc-utta

93 2304 120 2348 ll)
132 2316 158 2347 cpe
173 2305 244 2346 enudat,
256 2305 306 2346 quiin
319 2305 347 2336 line
359 2309 416 2345 transp,
438 2315 474 2337 sana
485 2304 542 2337 rationo
553 2308 629 2336 mutarunt
637 2303 652 2334 in
663 2305 760 2345 preceque-ts.

60 2351 119 2391 reddere
130 2352 207 2382 retinuere
469 2348 486 2390 6)
498 2350 567 2390 redepiete'
576 2349 607 2380 Vel.

94 2395 188 2438 Capilllllll.
208 2394 416 2439 l)Derueetiotecrpouesl'at.
471 2394 487 2436 ἵ)
499 2398 512 2428 et
524 2394 560 2435 tat,
572 2392 618 2435 patilo
630 2397 665 2435 post
676 2403 703 2436 quc
714 2403 729 2436 p.
742 2404 789 2437 qureret,

93 2441 109 2485 2)
121 2442 176 2474 Etenim
183 2450 255 2483 ecrepee
262 2444 337 2473 conuerte
345 2440 416 2482 litlpe'osie
438 2440 492 2473 deiude
503 2442 519 2473 io
529 2450 570 2473 reatem
582 2449 596 2481 p⁴
607 2439 647 2471 testei.

61 2496 93 2519 uere
105 2490 119 2519 et
128 2487 190 2529 perditis
200 2487 256 2519 tractitia
268 2486 300 2516 tue
470 2485 486 2528 8)
497 2486 545 2518 oriente
556 2485 580 2516 laec
591 2483 668 2516 ordinator
679 2483 694 2515 ln
705 2484 736 2517 lat.

93 2532 110 2574 3)
122 2533 155 2565 tit.
167 2532 235 2564 notiore.
245 2531 289 2563 Hom.
300 2530 326 2564 et.
468 2530 485 2573 D)
495 2531 532 2573 Depo
544 2534 557 2562 et
567 2530 598 2562 lat.
721 2571 723 2574 ᾖ

93 2576 109 2620 4)
122 2576 192 2611 Cotclerii
209 2575 269 2609 lectioni
286 2576 329 2619 idque
344 2577 416 2618 iteteprena
470 2576 496 2619 to)
507 2576 574 2616 redipteti
585 2575 624 2615 lat,
639 2574 702 2606 subinde
713 2576 735 2607 tto
746 2580 762 2608 ut
774 2578 791 2608 in

61 2623 84 2654 ee's
96 2624 142 2655 derceto
153 2624 227 2663 recipere,
245 2621 282 2662 fello
294 2626 342 2652 arctoe
353 2622 416 2653 selectae
437 2622 478 2654 terelle
489 2631 517 2652 usn
528 2630 560 2651 csse
570 2620 624 2660 pesse.

62 2668 88 2700 tili
99 2668 136 2701 illud
146 2667 202 2705 reddet,
214 2666 276 2708 recipies
287 2666 336 2698 illud?
346 2665 416 2709 praetuli,
660 2690 662 2692 .

46 2743 48 2747 Α
62 2721 106 2755 quam
120 2712 151 2745 llat
168 2711 227 2745 euhileet
241 2710 348 2753 simpliciorem
363 2721 416 2745 tenerent
469 2711 504 2752 Cap.
515 2710 562 2742 lllllll.
585 2709 600 2752 1)
612 2719 667 2751 suoque
679 2711 791 2752 mauupul'al.

61 2758 95 2790 item
104 2760 127 2790 ota
139 2758 205 2798 resipere,
218 2757 255 2797 fullo
268 2761 315 2789 entem
323 2758 336 2789 si
344 2758 370 2790 etti
377 2758 416 2789 seis·
468 2755 485 2795 2)
496 2759 510 2787 ct
521 2755 552 2788 Pal.

63 2811 93 2835 reon
104 2804 161 2842 reddet,
173 2801 246 2843 recipies.l
470 2799 505 2842 Cep.
516 2800 570 2832 llllllll.
593 2799 608 2838 1)
619 2800 710 2842 proditisque
721 2801 753 2833 Pal.

95 2848 111 2888 5)
122 2847 239 2887 eoodereirl'nt,
250 2845 276 2878 ubi
284 2851 361 2880 corrector
370 2857 415 2889 supra
469 2844 485 2885 2)
497 2846 573 2878 eeteuitiueo
583 2845 614 2877 Pal.

62 2890 120 2925 addidit
131 2902 158 2933 ea,
174 2896 190 2924 ut
201 2891 230 2924 iam
243 2891 263 2924 sit
274 2894 374 2925 eeearedeeetr.
395 2892 416 2923 Eu
470 2889 487 2933 3)
499 2894 512 2921 et
523 2895 539 2922 tn
553 2891 591 2922 illud
603 2894 649 2922 toturn
665 2893 686 2922 ite
698 2892 750 2924 iuretile
762 2893 793 2925 Pal.
